3157 5028
1487 379 1555 430 53

380 550 648 615 Theseus
695 549 922 614 Thebis
967 551 1318 628 revertitur,
1384 550 1548 632 quod
1594 550 1765 614 nullo
1811 550 2125 632 praeterea
2168 549 2525 615 testimonio
2569 547 2677 612 fir-

370 651 612 730 matur3
687 669 830 714 nam
878 650 1298 733 abeuripide
1352 651 1522 732 (Hip.
1573 651 1721 727 792)
1783 641 2047 732 θεωρός
2100 649 2350 713 tantum
2395 649 2673 714 vocatur.

369 749 621 814 Iuvenis
665 749 921 814 exitium
960 751 1052 814 ita
1097 751 1408 828 narratur,
1469 751 1648 832 quasi
1694 751 1748 814 ei
1792 750 2123 831 Neptunus
2167 750 2385 830 sponte
2430 766 2503 813 ac
2546 747 2675 812 for-

366 849 533 913 tuito
580 868 765 938 curru
809 850 1128 916 invehenti
1181 852 1530 915 monstrum
1584 849 1937 928 immiserit,
2006 867 2164 930 quae
2222 847 2383 912 ratio
2450 847 2516 911 in
2579 845 2675 910 his

367 949 711 1014 historiolis
755 951 1075 1016 tralaticia
1125 970 1161 1015 a
1205 950 1532 1033 tragoedia
1577 950 1780 1015 aliena
1826 950 1919 1014 est
1947 947 1988 1014 ¹.

571 1048 739 1114 Hinc
783 1050 862 1114 ad
908 1051 1192 1116 Servium
1238 1053 1301 1116 et
1351 1050 1663 1116 inferioris
1722 1051 1948 1116 aetatis
2013 1051 2363 1115 commenta
2421 1049 2673 1113 descen-

367 1149 622 1225 damus;
665 1150 773 1216 ille
817 1152 981 1216 enim
1028 1153 1136 1232 (ad
1163 1151 1347 1234 Verg.
1382 1153 1535 1217 Aen.
1576 1152 1679 1235 VI,
1710 1149 1865 1234 445)
1904 1170 2065 1216 nova
2108 1151 2351 1216 ratione
2395 1149 2672 1214 fabulam

367 1251 698 1333 detorquet
766 1251 846 1316 ad
918 1251 1250 1318 historicae
1323 1253 1586 1334 speciem
1664 1250 2112 1336 πραγματείας
2196 1271 2305 1334 pro
2379 1251 2672 1333 Neptuno

367 1353 652 1434 Aegeum
699 1355 939 1435 patrem
988 1355 1392 1436 substituens,
1460 1356 1567 1439 qui
1612 1355 1691 1418 ab
1733 1355 1898 1420 irato
1952 1354 2082 1418 filio
2136 1353 2463 1419 invocatus
2515 1351 2672 1433 Hip-

369 1453 582 1537 polyto
628 1471 846 1518 currus
889 1455 1164 1537 agitanti
1221 1455 1483 1537 phocam
1537 1455 1866 1520 immittat.
1953 1454 2135 1519 Alter
2179 1452 2673 1537 mythographus

370 1554 718 1620 Vaticanus
768 1555 840 1638 (f.
890 1555 1038 1635 128)
1085 1555 1368 1621 Servium
1417 1555 1765 1620 describens
1824 1555 2020 1634 addit,
2075 1554 2239 1638 quod
2294 1554 2374 1618 ad
2427 1551 2671 1617 intelle·

370 1655 643 1737 gendum
690 1656 966 1738 apprime
1012 1657 1424 1722 necessarium
1471 1657 1583 1740 est,
1638 1658 1915 1740 Aegeum
1960 1657 2113 1720 tunc
2148 1655 2457 1720 marinum
2490 1653 2672 1718 deum

366 1755 557 1821 fuisse
573 1759 616 1822 ².
707 1756 862 1822 Cum
908 1757 1106 1840 igitur
1147 1759 1581 1824 monstruosus
1625 1759 1737 1824 ille
1780 1759 1890 1823 bos
1937 1756 2214 1822 marinus
2261 1755 2389 1821 veri
2448 1753 2674 1820 simili-

370 2044 426 2097 p.
467 2028 574 2082 358
621 2032 780 2082 ratus
833 2033 918 2084 est
966 2030 1037 2084 ad
1081 2029 1230 2084 idem
1281 2047 1420 2098 opus
1466 2029 1744 2098 respicere
1781 2027 2010 2082 Suidam
2058 2045 2103 2081 s.
2139 2046 2218 2090 v.,
2247 2028 2549 2101 ψιθυριστῇ
2606 2044 2675 2082 ex

373 2114 595 2184 Zopyro
632 2124 958 2173 narrantem
983 2117 1259 2174 Theseum
1295 2119 1365 2172 de
1400 2119 1690 2173 Phaedrae
1727 2117 1787 2170 in
1825 2117 2197 2187 Hippolytum
2233 2117 2525 2174 calumniis
2558 2133 2672 2171 cer·

372 2204 577 2258 tiorem
614 2205 831 2260 factum
866 2206 1146 2261 Mercurio
1187 2209 1490 2282 ψιθυριστῇ
1530 2212 1589 2262 et
1624 2207 1823 2261 Amori
1862 2211 1919 2261 et
1956 2205 2159 2261 Veneri
2204 2207 2477 2276 templum
2522 2205 2674 2260 dedi-

372 2311 538 2349 casse.
599 2325 665 2332 —
713 2294 798 2348 De
833 2295 958 2348 aliis
998 2295 1240 2350 eiusdem
1279 2297 1520 2350 nominis
1567 2295 1938 2365 scriptoribus
1995 2294 2065 2350 cf.
2104 2295 2253 2349 Jahn
2288 2295 2460 2349 Arch.
2498 2293 2677 2346 Beitr.

373 2400 428 2451 p.
469 2385 574 2434 272
613 2381 748 2454 (41),
781 2383 985 2438 Miiller
1021 2384 1085 2438 F.
1122 2383 1192 2438 Η.
1233 2383 1294 2438 G.
1331 2384 1409 2438 IV
1453 2402 1506 2453 p.
1548 2385 1669 2438 533.
1705 2413 1773 2424 -
1832 2383 1940 2438 Sed
1976 2383 2257 2452 Zopyrum
2306 2383 2485 2450 illum,
2538 2381 2673 2434 dum

373 2469 715 2525 firmioribus
739 2471 1076 2526 testimoniis
1112 2472 1228 2527 eius
1256 2473 1560 2527 auctoritas
1588 2472 1874 2542 fulciatur,
1917 2472 2145 2527 missum
2174 2471 2460 2539 faciamuS,
2499 2487 2672 2539 quan-

373 2576 544 2627 quam
587 2577 716 2613 cum
753 2560 1188 2627 Wyttenbachio
1230 2561 1377 2631 (Vol.
1415 2562 1467 2615 II
1503 2562 1565 2615 P.
1598 2563 1619 2615 l
1650 2580 1700 2631 p.
1728 2562 1819 2631 78)
1870 2562 2067 2631 opiner
2110 2577 2222 2613 non
2276 2576 2465 2613 omnes
2502 2559 2674 2612 histo-

372 2648 548 2701 riolas
591 2666 773 2716 neque
810 2665 998 2703 omnes
1039 2654 1293 2705 auctores
1331 2636 1390 2704 in
1426 2652 1533 2705 hoc
1569 2650 1761 2705 libello
1800 2649 2065 2704 confictos
2104 2665 2246 2718 esse3
2304 2648 2454 2717 quod
2504 2647 2676 2702 etiam

372 2736 572 2791 Rohde
615 2736 709 2791 Gr.
747 2736 908 2791 Rom.
947 2754 1001 2806 p.
1040 2740 1107 2790 41
1131 2739 1204 2806 (8)
1243 2738 1547 2793 contendit.
1623 2739 1767 2793 Nam
1807 2740 2067 2793 accurata
2110 2736 2457 2807 singulorum
2492 2736 2675 2805 paral-

371 2826 608 2879 lelorum
647 2827 987 2880 examinatio
1027 2827 1209 2881 adhuc
1242 2827 1623 2899 desideratum
1660 2843 1828 2895 quam
1850 2826 2118 2897 Hercher,
2157 2825 2254 2894 qui
2292 2824 2675 2893 impudentem

375 2912 670 2967 falsarium
707 2914 884 2968 libelli
921 2915 990 2969 de
1009 2914 1228 2969 Fluviis
1269 2916 1437 2969 semel
1475 2914 1821 2985 profligavit,
1862 2932 1974 2969 non
2010 2914 2311 2983 praestitit.
2352 2944 2418 2951 —
2456 2914 2537 2967 At
2574 2913 2676 2967 mi·

371 3002 522 3055 nime
547 3000 818 3073 refrager,
847 3002 894 3056 si
920 3004 1044 3071 quis
1070 3004 1486 3059 Alexandrinae
1522 3004 1704 3073 poesis
1742 3003 1989 3058 rivulum
2026 3004 2087 3057 in
2122 3006 2372 3057 nostram
2409 3002 2675 3056 fabellam

373 3090 661 3145 influxisse
693 3092 1024 3161 contendat;
1081 3111 1190 3162 quo
1239 3092 1487 3161 pertinet
1524 3093 1815 3147 Phaedrae
1852 3110 2001 3146 mors
2041 3096 2276 3161 propter
2312 3091 2537 3144 Amoris
2573 3091 2675 3144 im-

374 3177 710 3247 patientiam
747 3177 838 3248 (cf.
861 3178 1130 3235 Stobaeus
1169 3181 1314 3249 1.1.);
1352 3182 1500 3235 idem
1536 3182 1606 3235 de
1641 3181 1877 3249 Byblide
1914 3184 2151 3235 narrant
2188 3180 2378 3235 Conon
2414 3197 2564 3233 narr.
2602 3179 2674 3248 ΙΙ,

373 3267 508 3319 Ant.
549 3264 740 3319 Liber.
779 3266 954 3321 XXX.
1013 3298 1078 3307 -
1137 3268 1421 3323 Falsarius
1471 3273 1661 3323 autem
1706 3273 1957 3326 nostram
2006 3268 2261 3322 fabulam
2307 3266 2576 3338 repetivit
2624 3267 2676 3323 d.

379 3353 542 3407 Fluv.
582 3354 681 3421 III,
723 3358 783 3424 13
820 3355 888 3410 cf.
928 3356 1179 3411 Hercher
1217 3357 1364 3411 Plut.
1403 3358 1502 3412 lib.-
1537 3358 1590 3412 d.
1628 3357 1788 3411 Fluv.
1826 3374 1880 3425 p.
1916 3358 1985 3409 28
2023 3374 2102 3425 sq.

580 3442 599 3473 ¹
638 3442 908 3498 Stobaeus
946 3445 1001 3513 (1.
1025 3445 1108 3513 l.):
1151 3444 1504 3515 ἒαριζομένου
1529 3445 1593 3498 δὲ
1629 3445 1725 3498 τοῦ
1750 3438 2069 3497 Ἱππολύτου
2105 3441 2255 3513 παρὰ
2294 3440 2393 3498 τὸν
2427 3440 2679 3513 αἰγιαλὸν

373 3531 465 3595 τῆς
501 3524 791 3599 θαλάσσης
825 3534 1018 3603 ταῦρος
1054 3533 1346 3604 ἐπιφανεὶς
1381 3534 1639 3600 ἐπιοίησε
1676 3530 1798 3593 τοὺς
1835 3538 2039 3591 ἵππους
2075 3535 2184 3586 κτλ.
2225 3561 2291 3572 -
2329 3528 2677 3600 Interpretes

377 3619 696 3675 conticuere
733 3638 940 3685 omnes,
979 3639 1299 3692 quanquam
1335 3624 1689 3694 ἒαριζομένου
1713 3626 1905 3692 aperte
1940 3622 2267 3677 mendosum
2304 3624 2405 3675 est.
2478 3619 2677 3688 Epito-

376 3713 561 3763 mator
615 3711 850 3779 praebet
889 3710 984 3764 ἐπὶ
1018 3706 1261 3782 ἅρματος
1299 3706 1513 3782 τυχόντι
1552 3712 1752 3781 ταῦρον
1798 3712 2052 3788 ἔπεμψε,
2117 3710 2227 3765 alia
2286 3709 2463 3781 igitur
2517 3708 2675 3777 legit.

377 3797 662 3852 Usitatum
701 3802 888 3852 autem
924 3800 1176 3868 verbum,
1232 3800 1384 3868 quod
1421 3804 1478 3853 et
1514 3814 1736 3854 sensum
1782 3801 2061 3869 epitomae
2108 3803 2167 3853 et
2212 3799 2373 3869 signa
2423 3796 2677 3852 codicum

377 3886 540 3955 plene
577 3890 636 3940 et
669 3886 916 3955 perfecte
962 3888 1180 3957 reddat,
1236 3888 1386 3942 haud
1440 3888 1829 3957 expiscaberis.
1906 3888 2069 3953 Cave,
2128 3906 2199 3942 ne
2236 3887 2305 3941 de
2341 3885 2551 3955 biiugis
2590 3902 2678 3939 co·

379 3974 552 4043 gites3
611 3992 742 4028 nam
777 3975 1116 4045 Hippolytus
1171 3977 1564 4047 quadrigarius
1622 3981 1707 4031 est
1758 3976 2058 4031 secundum
2098 3976 2467 4045 lapicidarum
2502 3974 2679 4046 picto-

380 4080 505 4115 rum
541 4067 836 4131 poetarum
873 4064 1028 4133 (Eur.
1049 4064 1179 4133 Hip.
1221 4067 1376 4118 1212.
1420 4066 1576 4120 1229.
1616 4065 1822 4135 Hygin'.
1862 4064 1902 4119 f.
1942 4066 2067 4135 250)
2115 4068 2464 4120 constantem
2499 4080 2677 4117 usum.
2712 4050 2715 4053 ⁴

382 4148 652 4216 Quocirca
678 4151 985 4207 Buecheler
1021 4153 1333 4222 suspicatur
1371 4152 1643 4222 elegantis
1676 4153 1943 4207 sermonis
1985 4152 2366 4207 affectatorem
2392 4151 2677 4221 scripsisse

383 4238 752 4310 ἐωριζομένου
787 4240 904 4294 sive
941 4244 1362 4312 αῖωριζομένους
1407 4246 1717 4310 sequuntur
1754 4242 1902 4295 enim
1936 4244 2099 4294 ἵπποι
2138 4245 2195 4296 et
2233 4235 2404 4313 ἅρμα,
2441 4244 2507 4293 ut
2542 4239 2677 4293 satis

382 4327 748 4397 intellegatur
783 4345 950 4382 curru
987 4332 1258 4397 tanquam
1298 4330 1490 4383 volans
1525 4329 1901 4399 pendensque.

585 4417 606 4449 ²
645 4414 726 4470 Cf.
761 4416 950 4471 Naeke
996 4417 1066 4471 de
1115 4418 1248 4474 Call.
1295 4418 1428 4473 Hec.
1482 4436 1538 4487 p.
1576 4420 1663 4473 80.
1720 4448 1787 4457 —
1844 4418 2081 4473 Brevior
2130 4420 2217 4473 est
2272 4416 2451 4472 altera
2496 4412 2679 4469 Servii
