3157 5028
1538 376 1610 438 99.

419 545 672 614 Μαντώ
740 549 808 614 ἐν
877 541 1036 638 ὀργῇ
1102 541 1519 638 ἅκατασχέτῳ
1585 551 1823 635 γίνεται
1870 551 2000 616 ,καὶ
2062 543 2424 632 ἀναμίξασα
2486 544 2718 631 πάντα,

417 645 702 737 φθόνον,
747 651 1161 736 ζηλοτυπίαν,
1207 647 1438 738 λύπην,
1487 647 1726 740 φόβον,
1770 647 2011 718 ἐνενόει
2058 648 2246 730 ὅπως
2286 654 2726 741 τιμωρήσεται

285 803 300 822 .
415 748 531 818 τὸν
574 748 1140 839 ὖπερηφανοῢντα.
1231 756 1512 839 Denique
1562 756 1873 821 insontem
1917 755 2201 821 iuvenem
2244 755 2402 821 falso
2448 756 2723 838 crimine,

416 854 584 937 quod
628 857 757 921 vim
815 856 934 920 sibi
985 857 1258 922 voluerit
1315 857 1564 935 inferre,
1618 856 1783 938 apud
1837 859 2075 940 patrem
2123 856 2341 922 defert.
2387 893 2469 902 —
2514 857 2723 939 Expli-

418 957 620 1021 catius
664 956 929 1022 fabellae
971 958 1350 1022 lineamenta
1381 958 1737 1039 persecutus
1766 976 1923 1034 sum,
1970 976 2110 1022 cum
2140 957 2491 1038 impudicae
2524 957 2723 1022 Phae-

418 1056 564 1122 drae
622 1057 962 1140 imaginem
1020 1057 1362 1140 legentium
1409 1057 1637 1122 animis
1682 1059 1899 1140 sponte
1942 1076 2257 1122 recursare
2302 1059 2465 1123 certe
2508 1058 2721 1122 sciam.

419 1158 904 1224 Animadvertas
929 1177 1178 1241 quaese,
1225 1177 1414 1241 quam
1439 1159 1783 1222 consimilis
1806 1158 2098 1240 gradatio
2129 1158 2193 1222 in
2226 1158 2491 1224 Senecae
2521 1159 2723 1222 Phae-

419 1258 529 1324 dra
575 1259 782 1325 locum
825 1259 1161 1324 invenerit:
1229 1260 1509 1324 mittitur
1569 1260 1869 1342 primum,
1940 1278 2099 1342 quae
2150 1261 2391 1324 castum
2435 1259 2719 1323 iuvenem

415 1359 874 1426 inclinatiorem
925 1360 1004 1425 ad
1061 1360 1292 1426 scelera
1351 1360 1597 1439 reddat,
1666 1361 1887 1426 deinde
1926 1361 2061 1443 ipsa
2107 1361 2313 1444 puella
2357 1378 2567 1424 morae
2610 1379 2722 1442 pa-

416 1460 707 1525 tientiam
751 1481 1042 1544 rumpens
1086 1462 1366 1545 procedit
1407 1463 1468 1526 et
1511 1480 1789 1526 amorem
1830 1461 2116 1526 fatetur1.
2204 1460 2447 1527 Summi
2508 1464 2719 1526 autem

413 1563 713 1627 momenti
758 1563 1069 1638 tabellae;
1110 1582 1275 1642 nam,
1322 1565 1392 1627 ut
1432 1564 1677 1628 taceam
1721 1561 1797 1630 de
1839 1562 2159 1628 Phaedrae
2201 1562 2504 1644 epistulae
2550 1581 2717 1628 exor-

417 1662 517 1728 dio
563 1662 762 1745 lepide
791 1665 883 1729 ita
925 1665 1218 1730 exornato
1251 1663 1392 1745 (Ov.
1428 1665 1574 1730 Her.
1615 1665 1723 1743 IV,
1760 1665 1791 1728 1
1820 1682 1942 1746 sq.;
1978 1663 2056 1729 cf.
2080 1661 2228 1728 Met.
2254 1663 2368 1743 IX,
2410 1665 2535 1729 530
2565 1663 2719 1746 sq.):

715 1766 870 1848 Qua,
912 1767 1034 1832 nisi
1077 1767 1149 1830 tu
1190 1766 1448 1845 dederiS‚
1496 1767 1772 1832 caritura
1814 1767 1909 1831 est
1949 1767 2085 1848 ipsa
2129 1765 2348 1843 salute,

812 1867 1015 1932 mittit
1059 1866 1400 1933 Amazonio
1444 1866 1661 1933 Cressa
1704 1866 1910 1950 puella
1955 1868 2109 1946 vim,

421 1967 586 2049 quod
631 1967 848 2033 Manto
892 1988 956 2033 se
1003 1969 1382 2034 confessione
1422 1969 1732 2033 laxantem
1780 1969 2056 2034 excusat:
2098 1965 2327 2051 μηκέτι
2356 1963 2581 2051 φέρειν
2609 1965 2720 2030 δυ-

417 2067 669 2152 ναμένη,
718 2088 788 2133 60
834 2069 1074 2135 dolores
1125 2070 1186 2133 et
1231 2070 1545 2135 cruciatus
1589 2069 1965 2149 subindicat,
2033 2070 2107 2134 de
2166 2069 2392 2152 quibus
2435 2068 2719 2133 Phaedra

417 2171 480 2234 et
519 2171 741 2254 Byblis
803 2171 1102 2250 scribunt,
1157 2172 1492 2254 antequam
1540 2171 1745 2236 victae
1802 2171 1991 2237 fateri
2036 2171 2342 2254 cogantur
2386 2168 2527 2249 (ov.
2575 2169 2723 2244 Her.

415 2269 530 2350 IV,
603 2271 720 2334 151
775 2290 866 2353 sq.
939 2271 1089 2336 Met.
1142 2270 1253 2346 lX,
1320 2273 1446 2336 544
1496 2273 1635 2355 sq.).
1743 2271 1962 2356 Pergit
2026 2272 2171 2338 illa:
2235 2261 2537 2350 ἀπρεπὲς
2599 2269 2718 2352 μέν

416 2371 547 2436 κτλ.
567 2374 611 2451 2,
677 2373 901 2455 quibus
945 2371 1204 2437 mirifice
1249 2372 1595 2454 respondet,
1666 2372 1832 2456 quod
1881 2371 2192 2438 Ovidiana
2237 2373 2521 2438 Phaedra
2564 2371 2719 2436 scri-

416 2474 510 2539 bit
551 2492 610 2539 v.
660 2474 813 2539 154:
885 2466 1076 2557 ‘quid
1139 2473 1368 2552 deceat,
1437 2491 1559 2539 non
1612 2474 1777 2539 videt
1837 2473 2003 2539 ullus
2062 2492 2281 2542 amans
2346 2509 2422 2519 —
2492 2472 2570 2539 da
2615 2492 2720 2539 ve-

418 2574 588 2638 niam
645 2574 866 2654 fassae,
932 2574 1210 2658 duraque
1267 2575 1456 2640 corda
1515 2566 1781 2640 domal'
1851 2574 1936 2656 (v,
1997 2574 2165 2654 156).
2255 2573 2457 2642 Simul
2506 2576 2716 2640 autem

417 2694 812 2759 recognosces
883 2676 1069 2741 illud:
1137 2676 1458 2741 ‘miserere
1519 2666 1821 2741 amantis'
1847 2726 1862 2752 ‚
1931 2696 2051 2759 quo
2093 2677 2376 2743 -Senecae
2433 2668 2718 2742 Phaedra

417 2782 478 2843 et
530 2778 746 2861 Byblis
808 2777 1116 2843 flebilibus
1177 2778 1458 2859 precibus
1513 2778 1643 2842 suis
1708 2777 1892 2843 finem
1958 2778 2288 2859 imponunt
2352 2776 2513 2858 (Seu.
2564 2777 2717 2859 6713

418 2878 529 2945 Ov,
581 2879 728 2945 Met.
777 2879 888 2961 IX,
932 2880 1121 2959 561);
1193 2879 1420 2961 quibus
1484 2879 1714 2944 iterum
1777 2880 2093 2944 subtexere
2158 2879 2355 2956 iuvat,
2424 2878 2589 2961 quod
2645 2878 2720 2943 de

419 2980 675 3063 Byblide
706 2980 1088 3045 narrabant:
1135 2974 1533 3062 ἐρασθεῖσαν
1566 2981 1685 3043 τοί
1709 2973 1973 3044 Καύνου
2018 2972 2251 3063 λόγους
2292 2970 2472 3064 αὐτῷ
2518 3001 2721 3062 προς-

417 3080 642 3167 φέρειν
703 3080 812 3145 καὶ
876 3080 1207 3146 δεῖσθαι
1259 3076 1360 3165 μή
1424 3080 1825 3164 περιιδεῖν
1884 3071 2135 3164 αὐτὴν
2187 3076 2283 3158 εἰς
2336 3081 2476 3145 πᾶν
2518 3075 2719 3145 κακόν

415 3182 886 3263 προελθοῦσαν
931 3180 1251 3261 (Parthen.
1299 3183 1342 3247 1.
1387 3183 1479 3263 1.).
1568 3182 1791 3247 Nonne
1858 3202 1993 3247 meo
2059 3182 2194 3247 iure
2261 3183 2328 3247 in
2393 3182 2490 3246 his
2533 3182 2718 3247 antea

419 3283 502 3366 (p.
550 3282 658 3367 64)
703 3285 1033 3367 epistulam
1105 3285 1454 3366 suspicatus
1519 3302 1688 3349 eram
1720 3284 1753 3347 ?
1810 3319 1888 3329 —
1934 3285 2070 3349 Iam
2134 3283 2332 3366 igitur
2396 3302 2536 3347 cum
2603 3284 2719 3347 hoc

418 3403 714 3449 consensu
760 3386 917 3450 illud
963 3385 1265 3449 iudicium
1312 3384 1683 3464 illustretur,
1753 3384 1917 3467 quod
1970 3384 2198 3448 Robdii
2251 3384 2413 3448 libro
2476 3383 2719 3448 abunde

417 3486 789 3568 explicatum
829 3488 940 3568 est,
1005 3486 1362 3552 fabularum
1407 3486 1866 3551 romanensium
1912 3484 2240 3567 scriptores
2284 3485 2352 3549 in
2395 3485 2492 3549 his
2534 3484 2717 3548 rebus

416 3587 581 3652 totos
625 3589 702 3652 ab
745 3586 1184 3652 Alexandrinis
1226 3586 1505 3670 pendere,
1569 3604 1727 3651 novo
1772 3586 2143 3670 argumento
2198 3584 2518 3668 colligitur
2571 3581 2722 3648 Ovi-

618 3806 634 3836 ¹
675 3804 1012 3859 Plutarchus
1069 3806 1138 3860 de
1187 3805 1443 3861 Phaedra
1508 3810 1706 3860 narrat
1760 3807 1820 3877 (1.
1859 3808 1945 3875 1.):
2010 3801 2121 3874 ἥτις
2164 3806 2260 3859 τοῦ
2314 3799 2595 3875 προγόνου
2644 3806 2721 3862 εἰς

415 3891 722 3963 ἐπιθυμίαν
759 3894 1090 3963 ἐμπεσοῦσα
1127 3890 1226 3960 τὴν
1259 3889 1476 3965 τράφον
1511 3895 1791 3966 ἔπεμψεν.

614 3982 636 4013 ‘²
677 3978 901 4036 Tritum
956 3982 1095 4035 illud
1149 3981 1278 4036 inde
1334 3983 1407 4037 >ab
1465 3983 1665 4037 audaci
1715 3983 2002 4038 Phaedrae
2053 3984 2113 4036 in
2160 3982 2362 4037 Velato
2404 3981 2712 4051 Hippolyto
2827 4062 2833 4066 .

414 4067 566 4122 dicto
603 4067 714 4139 frg.
752 4072 858 4123 436
898 4069 992 4138 (cf.
1032 4070 1139 4141 frg.
1178 4072 1336 4141 433):

814 4159 990 4227 ἔγωγε
1027 4164 1176 4230 φημὶ
1215 4165 1306 4213 καὶ
1342 4155 1524 4229 νόμον
1555 4177 1622 4229 γε
1657 4157 1737 4230 μὴ
1777 4165 1963 4227 σέβειν

814 4246 876 4301 ἐν
911 4253 1052 4299 τοῖσι
1090 4248 1288 4308 δεινοῖς
1321 4249 1432 4303 τῶν
1468 4244 1861 4318 ἀναγκαίων
1896 4251 2087 4303 πλέον.

418 4331 520 4386 Cui
567 4332 808 4387 incestas
857 4335 1072 4402 puellas
1108 4336 1619 4391 Alexandrinorum
1672 4336 2013 4389 carminibus
2061 4336 2367 4391 celebratas
2417 4336 2489 4388 ad
2544 4352 2713 4387 unam

418 4438 608 4474 omncs
645 4422 900 4490 plausum
940 4422 1135 4476 tulisse
1170 4425 1377 4492 passim
1413 4425 1811 4478 demonstravi.
