3157 5028
1482 357 1551 410 37

353 526 511 592 satis
553 527 774 594 habuit
817 528 1071 596 addere:
1112 523 1130 550 ‘
1145 529 1468 613 aberitque
1496 529 1665 610 diu',
1712 529 1938 612 quibus
1981 529 2183 596 verbis
2224 531 2474 612 insuper
2500 529 2665 595 tecte

354 629 612 711 respicit
653 629 731 694 ad
777 631 1210 714 Vergilianum
1256 631 1414 696 illud
1461 630 1646 715 (Aen.
1693 631 1803 704 VI,
1848 631 1970 695 617
2014 632 2164 714 sq.):
2214 628 2419 696 ‘sedet
2462 631 2663 696 aeter-

355 748 632 814 numque
673 731 910 796 sedebit
939 731 1160 797 Infelix
1207 732 1475 798 Theseus
1489 723 1524 796 ³.
1589 732 1806 816 Neque
1850 732 2012 796 enim
2058 733 2255 810 video,
2305 751 2428 816 qua
2474 751 2662 798 causa

355 829 592 896 Theseo
636 833 882 898 crimini
926 833 1086 898 verti
1129 834 1343 915 possit,
1390 833 1555 917 quod
1601 833 1834 917 nuptiis
1878 833 2353 916 Hippodamiae,
2405 833 2479 898 de
2521 831 2662 915 qui-

352 931 470 995 bus
515 931 657 995 Birt
721 933 790 1010 (1.
837 933 878 998 l.
924 953 982 1016 p.
1029 935 1181 1016 405)
1251 935 1510 1018 cogitat,
1584 936 1866 999 monstra
1924 934 2291 1017 propulsans
2360 932 2658 998 virtutem

351 1031 539 1096 tuens
583 1033 856 1099 adfuerit
885 1038 925 1099 ¹.

555 1131 786 1199 Seneca
853 1153 998 1200 vero
1065 1136 1131 1199 in
1207 1136 1322 1200 hoc
1387 1135 1675 1201 mutandi
1737 1135 2055 1201 licentiam
2120 1136 2239 1201 sibi
2305 1132 2660 1216 assumpsit,

353 1234 521 1319 quod
567 1235 910 1319 Hippolyto
982 1255 1105 1301 non
1170 1237 1438 1319 amplius
1503 1237 1570 1302 in
1643 1255 1925 1302 scaena-m
1991 1237 2290 1319 producto
2356 1236 2659 1300 Theseum

355 1337 673 1403 absentem
723 1335 926 1401 filium
971 1338 1265 1403 conviciis
1307 1338 1712 1403 incessentem
1760 1337 1958 1403 finxit.
2060 1337 2369 1403 Graecum
2414 1336 2658 1419 poetam

358 1437 664 1519 optimam
713 1438 1117 1517 occasionem,
1186 1440 1258 1503 ut
1316 1438 1628 1503 tumidam
1692 1439 1991 1503 sermonis
2063 1438 2323 1506 forensis
2388 1455 2463 1502 ac
2504 1435 2660 1500 iuris

351 1537 610 1603 dicundi
696 1537 1050 1604 doctrinam
1113 1540 1502 1619 ostentaret,
1595 1558 1717 1604 non
1783 1538 2269 1623 praetermisisse
2340 1537 2459 1620 frg.
2532 1539 2658 1602 442

356 1639 573 1718 vincit,
619 1638 783 1722 quod
831 1658 1017 1721 supra
1063 1640 1284 1724 attigi3
1327 1639 1502 1718 adde,
1549 1638 1713 1722 quod
1743 1639 2061 1704 Romanus
2096 1639 2365 1703 Theseus
2406 1639 2659 1721 perinde

351 1739 653 1822 loquitur,
723 1741 902 1822 quasi
964 1740 1128 1805 filius
1173 1759 1243 1805 ex
1287 1739 1546 1805 adverso
1589 1741 1712 1804 stet
1756 1759 1813 1804 v.
1861 1740 2005 1818 924,
2052 1741 2175 1804 929
2217 1758 2306 1822 sq.
2410 1737 2658 1804 Similes

351 1841 618 1923 denique
663 1841 914 1905 attende
959 1861 1017 1906 v.
1063 1841 1186 1905 915
1231 1861 1320 1924 sq.
1367 1841 1717 1923 Euripideis
1760 1840 1883 1905 948
1926 1859 2017 1923 sq.
2042 1841 2085 1906 ².

555 1940 673 2007 Sed
730 1941 1038 2024 quomodo
1096 1941 1422 2007 Phaedra?
1527 1942 1684 2006 Eam
1730 1959 1985 2005 manum
2030 1940 2148 2006 sibi
2201 1959 2324 2006 non
2373 1940 2659 2008 intulisse
2702 1974 2711 1987 ·

355 2042 574 2123 utpote
637 2041 934 2106 audacem
999 2043 1061 2106 et
1129 2041 1210 2106 ad
1268 2042 1498 2107 scelera
1562 2059 1820 2124 pronam
1838 2089 1852 2114 ,
1917 2042 2255 2123 antequam
2322 2041 2660 2107 ulciscendi

356 2141 766 2224 cupiditatem
803 2142 1100 2207 rinteritu
1164 2141 1435 2224 privigni
1513 2142 1799 2225 explerit,
1883 2141 1955 2204 ut
2025 2141 2178 2224 bene
2246 2141 2409 2206 Weil
2480 2142 2654 2223 (Eur.

352 2262 408 2325 p.
455 2243 524 2320 4)
577 2240 887 2324 exposuit,
954 2247 1072 2324 pro'
1125 2261 1408 2308 concesso
1464 2262 1662 2309 sumo.
1758 2241 1951 2308 Leoni
2018 2242 2229 2307 autem
2292 2241 2657 2325 adstipulor,

355 2344 463 2427 qui
505 2363 574 2408 ex
615 2343 972 2426 argumenti
1017 2343 1244 2408 natura
1293 2345 1770 2409 consentaneum
1824 2361 1954 2408 esse
1996 2342 2169 2406 ducit
2222 2342 2293 2424 (l.
2327 2343 2367 2408 l.
2399 2362 2457 2425 p.
2512 2344 2656 2423 179)

353 2444 706 2510 Phaedram
775 2445 915 2527 post
963 2445 1231 2510 relatum
1295 2445 1370 2509 de
1438 2445 1769 2530 Hippolyti
1843 2445 2040 2509 morte
2102 2443 2393 2508 nuntium
2443 2463 2657 2510 rursus

355 2546 770 2629 comparuisse
821 2546 884 2611 et
937 2545 1127 2611 morti
1185 2565 1332 2612 suae
1373 2547 1722 2630 praefatam
1764 2535 1911 2611 esse.
2016 2544 2389 2627 Quanquam
2428 2545 2494 2610 in
2538 2546 2657 2611 hac

352 2647 714 2731 quaestione
755 2646 928 2729 pensi
973 2665 1095 2711 non
1141 2647 1334 2713 habeo
1379 2646 1502 2731 frg.
1549 2647 1706 2711 446:

655 2732 710 2809 ὦ
752 2742 1056 2829 λαμπρὸς
1097 2742 1302 2833 αἰθὴρ
1345 2746 1588 2835 ἡμέρας
1630 2746 1703 2812 θ’
1749 2740 1947 2829 ἆγνὸν
1990 2744 2181 2832 φάος,

650 2845 742 2923 ὥς
785 2842 896 2932 ἡδύ
941 2846 1242 2912 λεύσσειν
1283 2850 1429 2925 τοῖς
1474 2869 1545 2911 τε
1592 2846 2003 2930 πράσσουσιν
2044 2844 2261 2923 καλῶς

649 2946 758 3010 καὶ
800 2950 976 3012 τοῖσι
1017 2947 1460 3028 δυστυχοῦσιν,
1511 2932 1605 3011 ὦν
1648 2946 1889 3032 πέφυκ’
1942 2941 2087 3031 ἐγώ.

351 3049 523 3130 Quae
589 3048 833 3113 etiamsi
889 3049 1010 3114 Leo
1060 3050 1194 3114 iure
1254 3049 1573 3115 Phaedrae
1626 3050 1755 3133 dat,
1811 3050 2024 3114 tamen
2067 3050 2219 3114 haec
2272 3067 2402 3113 esse
2466 3049 2655 3113 verba
2764 3037 2771 3041 ’

349 3152 510 3217 mori
553 3151 820 3216 volentis
891 3150 1045 3215 mihi
1114 3170 1236 3215 non
1302 3151 1630 3233 persuasit.
1717 3150 1897 3216 Talia
1943 3150 2225 3234 qualibet
2264 3148 2657 3231 aegritudine

351 3254 413 3317 et
457 3252 865 3319 afflictatione
907 3270 970 3316 se
1013 3250 1318 3316 relaxanti
1361 3252 1555 3317 tribui
1612 3270 1787 3334 posse
1836 3252 2209 3317 documento
2268 3252 2416 3315 sunt
2459 3250 2653 3332 ipsius

352 3353 669 3418 Phaedrae
713 3353 898 3417 verba
941 3352 1007 3415 in
1052 3354 1297 3417 servata
1343 3352 1554 3418 fabula
1604 3372 1659 3417 v.
1705 3354 1854 3417 672:
1901 3348 1982 3417 ἰώ
2027 3354 2106 3435 γᾶ
2152 3350 2259 3415 καὶ
2304 3356 2466 3437 φῶς.
2508 3352 2517 3433 Ι
2556 3352 2655 3439 πᾷ

351 3450 502 3517 ποτ’
547 3450 828 3533 ἑξαλύξω
873 3451 1095 3532 τύχας;
1147 3455 1210 3518 et
1251 3454 1416 3568 quod
1461 3454 1715 3519 maioris
1760 3454 2057 3520 momenti
2103 3455 2221 3532 est,
2286 3471 2488 3517 nonne
2534 3472 2651 3519 nu-

349 3554 474 3618 trix
516 3553 768 3635 perinde
819 3554 1117 3637 loquitur,
1183 3573 1256 3619 ac
1302 3555 1353 3619 si
1400 3554 1654 3619 alumna
1710 3554 1913 3619 lucem
1963 3555 2024 3619 et
2070 3574 2217 3620 aera
2260 3554 2644 3635 desiderarit,

351 3674 405 3719 v.
453 3655 601 3719 178:
645 3650 798 3717 ’τόδε
843 3674 950 3717 σοι
989 3652 1242 3739 φέγγος,
1288 3651 1592 3737 λαμπρὸς
1634 3648 1729 3720 ὅδ’
1776 3650 2027 3743 αἰθήρὲ
2077 3657 2387 3739 Perquam
2430 3656 2655 3720 similis

350 3757 443 3820 est
487 3753 860 3836 Sophocleae
903 3755 1187 3821 Electrae
1230 3756 1387 3820 lucis
1430 3756 1748 3821 invocatio
1806 3776 1865 3821 v.
1916 3757 2025 3821 86:
2105 3780 2159 3819 ω
2225 3750 2401 3842 φάος
2462 3750 2655 3840 ἁγνὸν

349 3878 455 3918 και
498 3857 618 3939 γῆς
661 3850 944 3938 ἰσόμοιρ’
991 3846 1111 3943 ἀήρ
1164 3856 1268 3936 (cf.
1316 3857 1461 3921 Eur.
1507 3856 1602 3921 El.
1646 3856 1771 3937 59).

552 4034 572 4065 ¹
609 4032 677 4085 In
694 4031 880 4085 Ovidii
898 4048 1038 4085 vers.
1057 4032 1160 4083 110
1179 4031 1444 4085 mendum
1463 4048 1576 4084 non
1598 4030 1921 4085 delitescere
1954 4030 2066 4084 iam
2086 4048 2413 4100 persuasum
2440 4032 2639 4102 habe0,

348 4122 447 4176 ubi
484 4120 654 4175 Birtii
693 4120 829 4174 felix
865 4119 1220 4174 coniectandi
1260 4119 1502 4174 facilitas
1542 4118 1756 4174 frustra
1793 4120 2070 4174 medelam
2108 4120 2521 4191 circumspexit.

546 4212 567 4243 ²
603 4209 728 4263 Non
775 4209 893 4261 sine
940 4208 1121 4276 specie
1165 4209 1286 4261 veri
1336 4208 1465 4262 huic
1507 4207 1709 4261 Thesei
1753 4209 1996 4262 orationi
2034 4209 2315 4263 adscribas
2367 4210 2475 4281 frg.
2539 4212 2651 4267 inc.

346 4300 452 4353 897
496 4302 554 4352 et
587 4298 696 4368 frg.
723 4299 844 4362 968,
887 4314 996 4365 quo
1033 4297 1222 4365 potuit
1247 4296 1544 4366 Hippolyti
1581 4297 1882 4351 immodica
1920 4297 2005 4350 sui
2045 4297 2346 4351 admiratio
2384 4300 2652 4369 castigari

353 4386 446 4457 (cf.
486 4386 624 4441 Eur.
664 4384 790 4455 Hip.
830 4388 937 4441 994
973 4388 1094 4455 sq.).
