3157 5028
1440 401 1541 458 113

343 563 606 636 eandam
653 587 840 652 supra
880 567 1012 635 iam
1057 571 1272 637 notavi
1305 571 1389 655 (p.
1423 571 1554 656 36).
1589 607 1667 620 -
1700 575 1976 651 Accedit,
2025 572 2188 659 quod
2226 576 2291 641 in
2324 575 2651 644 Onemonis

339 670 576 744 fabula,
642 670 708 734 in
753 689 942 754 quam
983 689 1147 736 nunc
1186 673 1542 738 accuratius
1587 674 1929 759 inquiram,
1990 677 2202 758 gladio
2245 679 2452 743 iuveni
2500 699 2647 762 prae

339 772 574 836 terrore
617 771 847 852 elapso,
914 772 1021 836 ubi
1065 773 1172 837 ille
1215 773 1294 837 ab
1352 773 1653 839 ancillula
1715 794 2013 840 novercae
2078 776 2235 841 dolis
2296 779 2645 860 opitulante

337 870 698 954 instigatus,
745 871 818 935 ut
861 876 1126 937 matrem
1166 873 1234 937 in
1274 873 1608 939 manifesto
1640 874 1946 940 adulterio
1978 876 2411 958 deprehendat,
2459 880 2647 943 noctu

339 973 546 1037 subito
576 992 772 1056 usque
802 973 880 1038 ad
912 973 1139 1037 lectum
1171 973 1480 1057 genialem
1512 976 1863 1057 prorumpit
1898 977 1959 1040 et
1985 978 2228 1058 patrem
2262 978 2645 1042 exsilientem

341 1074 628 1156 agnoscit
675 1074 754 1150 (c.
801 1073 977 1158 XII),
1047 1075 1261 1157 postea
1305 1076 1370 1139 in
1413 1075 1646 1139 iudicio
1695 1076 1773 1140 ad
1821 1077 2130 1142 insontem
2176 1079 2643 1160 opprimendum

339 1175 606 1239 utuntur
629 1177 707 1255 (c.
739 1174 942 1257 XIII).
991 1169 1168 1257 Quae'
1194 1175 1363 1240 fictio
1408 1176 1658 1259 longius
1701 1177 1934 1242 recedit
1977 1180 2056 1243 ab
2101 1180 2453 1261 exemplari,
2500 1182 2647 1262 quia

341 1294 604 1340 noverca
663 1277 876 1358 gladio
938 1295 1060 1342 non
1119 1277 1184 1340 in
1245 1278 1380 1358 ipsa
1445 1277 1646 1359 stupri
1710 1277 1869 1342 falsa
1937 1280 2371 1345 criminatione
2432 1283 2648 1365 utitur,
2702 1285 2712 1294 '

341 1377 593 1459 propius
637 1379 838 1456 abest,
885 1378 1030 1461 quia
1081 1378 1330 1461 gladius
1375 1379 1552 1461 quasi
1596 1379 1826 1461 pignus
1873 1380 2091 1461 culpae
2136 1382 2339 1446 locum
2384 1382 2646 1448 invenit.

541 1477 658 1544 Sed
705 1479 895 1544 etiam
939 1479 1019 1544 ad
1071 1481 1337 1544 alterum
1383 1481 1590 1544 locum
1636 1479 1971 1562 diligenter
2006 1482 2439 1562 pensitandum
2476 1484 2645 1565 Apu-

340 1578 442 1643 leii
477 1579 690 1644 fabula
718 1579 970 1645 invitat.
1050 1580 1300 1645 Etenim
1339 1578 1613 1645 Cnemon
1644 1580 1877 1661 narrat,
1929 1583 2235 1664 quomodo
2273 1603 2535 1649 noverca
2585 1604 2648 1649 se

342 1699 379 1747 a
425 1678 1031 1746 Panathenaicorum
1094 1681 1506 1746 celebratione
1551 1681 1839 1747 reducem
1893 1684 2064 1748 veste
2092 1685 2404 1771 ‚sollemni
2470 1705 2645 1750 coro-

341 1800 544 1864 naque
597 1781 1074 1848 condecoratum
1136 1782 1386 1847 vixdum
1445 1783 1648 1848 visum
1711 1783 1969 1850 libidine
2020 1803 2309 1868 praeceps
2364 1787 2645 1868 amplexa

341 1882 424 1946 sit
469 1901 520 1946 c.
566 1882 659 1947 X:
724 1873 860 1945 ἄλλ’
905 1872 1044 1947 ἀπὸ
1089 1883 1329 1969 γυμνῆς
1369 1886 1487 1972 τῆς
1531 1882 1895 1967 ἐπιθυμίας
1937 1883 2327 1969 προςέτρεχε
2372 1887 2481 1951 καὶ
2525 1911 2645 1952 πε-

343 1981 700 2064 ριβαλοῦσα
761 1977 798 2048 ὁ
867 1981 1012 2060 νέος
1067 1978 1480 2068 Ἱππόλυτος,
1557 1979 1593 2050 ὅ
1644 1979 1895 2070 &vasi-g
1954 1979 1989 2049 ὃ
2047 1980 2205 2068 ἐμὸς
2257 1982 2435 2071 ἔλεγε
2456 1992 2495 2051 ¹.
2561 2025 2645 2034 -

341 2085 630 2150 Iuvenem
679 2084 881 2166 igitur
921 2084 1108 2150 simul
1153 2086 1458 2152 Theseum
1501 2087 1563 2152 et
1607 2087 2022 2170 Hippolytum
2072 2087 2407 2154 salutarit?
2494 2090 2645 2155 Sen-

341 2204 478 2250 sum
539 2185 781 2250 nullum
843 2204 972 2250 esse
1035 2187 1346 2269 perspexit
1399 2186 1615 2253 Cora'is
1674 2188 1766 2268 (II
1814 2208 1873 2270 p.
1923 2190 2057 2268 19);
2125 2189 2253 2272 ipse
2296 2191 2561 2272 protulit
2604 2184 2641 2254 ὁ

346 2284 614 2370 Θησέως
656 2280 816 2366 υἱός,
883 2287 1049 2370 quod
1093 2289 1156 2352 in
1198 2290 1331 2354 tam
1377 2289 1591 2378 vivida
1630 2289 2013 2355 salutatione
2054 2291 2286 2355 mirum
2341 2289 2643 2374 quantum

341 2386 602 2470 languet
643 2390 705 2453 et
747 2387 1078 2454 claudicat.
1147 2390 1603 2455 Exclamationi
1639 2392 1847 2456 aut-em
1879 2391 2030 2456 item
2071 2395 2381 2474 repugnat
2413 2391 2641 2456 Rohdii

343 2488 694 2554 coniectura
739 2487 806 2569 (l.
839 2487 882 2552 1.
920 2507 976 2571 p.
1007 2490 1151 2555 458.
1191 2494 1280 2567 5):
1327 2483 1362 2554 ὁ
1396 2488 1540 2568 νέος
1567 2484 1977 2569 Ἱππόλυτος,
2028 2489 2269 2575 ἐρρέτω
2315 2485 2351 2556 ὃ
2387 2487 2645 2577 Θησεύς

341 2582 377 2651 ὃ
421 2586 602 2671 ἐμός,
663 2589 728 2653 in
773 2609 897 2673 qua
941 2591 1256 2673 praeterea
1301 2584 1336 2655 ὁ
1388 2588 1545 2673 ἐμός
1588 2593 1667 2657 ad
1714 2592 2016 2658 Theseum
2061 2593 2326 2658 relatum
2370 2594 2642 2658 maxime

341 2690 614 2755 offendit.
681 2691 897 2773 Neque
925 2694 1252 2757 verborum
1285 2686 1320 2755 ὃ
1355 2690 1498 2769 νέος
1527 2694 1830 2759 rationem
1878 2695 2043 2759 viros
2092 2694 2305 2760 doctos
2348 2695 2641 2760 accurate

338 2790 458 2855 sibi
501 2790 848 2857 reddidisse
892 2792 1195 2857 contendo
1209 2795 1252 2857 2.
1312 2793 1408 2857 Ne
1437 2794 1671 2858 multus
1700 2794 1850 2858 sim:
1896 2813 2098 2859 nonne
2128 2795 2413 2861 Phaedra
2444 2796 2637 2875 adest,

339 2909 496 2972 quae
549 2890 826 2956 affirmat
878 2911 942 2957 se
986 2893 1208 2958 Thesei
1272 2894 1446 2975 pueri
1504 2894 1719 2959 vultus
1777 2894 2011 2975 priores
2071 2915 2299 2974 amare,
2372 2914 2513 2960 cum
2575 2896 2641 2960 in

337 2990 679 3075 Hippolyto
727 2994 974 3075 genitor
1016 2994 1187 3058 totus
1231 2995 1354 3058 sit?
1403 2994 1570 3073 (Seu.
1616 3014 1671 3059 v,
1722 2995 1845 3059 646
1886 2996 2004 3078 sq.)
2084 2995 2459 3061 Nominibus
2504 3014 2643 3078 pro·
2689 2993 2709 3001 “

337 3092 488 3175 priis
531 3093 730 3175 igitur
774 3093 940 3158 inter
981 3114 1044 3159 se
1089 3094 1350 3160 mutatis
1394 3095 1816 3161 scribendum:
1863 3089 1899 3160 ὃ
1948 3094 2093 3173 νέος
2122 3089 2391 3181 Θησεύς,
2439 3095 2475 3161 ὁ
2512 3096 2639 3159 Ἱπ-

339 3186 629 3270 πόλυτος
683 3187 719 3257 ὃ
776 3188 951 3277 ἐμός.
1038 3195 1215 3277 Quod
1274 3196 1480 3262 scriba
1529 3216 1754 3279 parum
1812 3198 2148 3273 intellexit3
2222 3198 2422 3277 cred0‚
2492 3197 2641 3281 quia

338 3295 470 3361 eius
513 3296 722 3361 animo
766 3296 1146 3380 Hippolytus
1206 3297 1430 3362 alacris
1495 3297 1841 3363 iuventutis
1907 3298 2216 3381 exemplar
2260 3299 2466 3381 potius
2532 3299 2642 3363 ob-

337 3397 720 3463 versabatur.
791 3395 1162 3464 Coniectura
1187 3399 1396 3463 autem
1429 3398 1714 3464 munitur
1755 3398 1817 3462 et
1855 3399 2295 3463 constabilitur
2340 3418 2428 3481 eo,
2475 3399 2640 3481 quod

340 3498 408 3563 in
458 3499 711 3582 Apuleii
777 3498 990 3564 fabula
1052 3499 1219 3565 idem
1281 3498 1552 3565 eiusdem
1624 3512 1881 3565 scaenae
1944 3499 2315 3582 Euripideae
2382 3518 2642 3566 acumen

543 3804 564 3837 ¹
603 3801 811 3858 Similis
868 3804 954 3856 est
1005 3800 1354 3856 Aristaeneti
1407 3803 1559 3857 locus
1606 3801 1679 3867 H,
1732 3803 1813 3856 13.
1872 3820 1928 3871 p.
1971 3803 2073 3856 166
2119 3800 2188 3855 Η.
2284 3800 2365 3855 cf.
2412 3800 2641 3871 Dilthey

340 3891 393 3946 d.
431 3891 568 3947 Call.
607 3891 738 3960 cyd.
775 3907 830 3959 p.
871 3892 956 3945 73.
2003 3906 2009 3913 ·
2532 3910 2535 3923 ·

542 3980 565 4013 ²
601 3980 824 4034 Iuvenis
859 3976 1195 4049 significatio
1229 3977 1322 4031 hio
1358 3995 1587 4047 prorsus
1630 3976 1912 4047 superflua
1960 3981 2060 4031 est.
2132 3977 2394 4031 Alterum
2450 3980 2639 4031 autem

337 4085 580 4130 sensum,
636 4084 746 4137 quo
785 4066 1150 4121 Prometheus
1185 4062 1309 4125 τοὺς
1345 4070 1500 4127 νέους
1535 4060 1701 4125 θεούς
1738 4068 1877 4120 citat
1914 4064 2133 4135 (Aesch
2174 4065 2363 4119 Prom.
2402 4067 2532 4133 960;
2571 4063 2640 4119 cf.

339 4176 391 4211 v.
430 4157 559 4225 955)
606 4156 666 4209 in
704 4156 988 4211 concitata
1028 4154 1368 4209 allocutione
1411 4154 1649 4208 nimium
1701 4154 1911 4224 frigere
1956 4170 2119 4207 nemo
2166 4157 2264 4215 est,
2327 4152 2463 4220 quin
2511 4169 2639 4205 con-

339 4245 563 4300 sentiat.
635 4244 834 4299 Nescio
872 4248 1183 4314 praeterea,
1241 4260 1311 4296 an
1362 4242 1611 4311 antiquis
1656 4241 1983 4296 auctoribus
2028 4258 2203 4309 aeque
2248 4258 2315 4295 ac
2349 4240 2556 4294 nostris
2593 4239 2640 4292 is

339 4352 470 4388 usus
522 4333 680 4387 verbi
735 4332 995 4387 insolitus
1051 4331 1243 4399 fuerit,
1299 4331 1390 4385 eui
1439 4330 1682 4385 Goethe:
1744 4329 1844 4383 der
1888 4347 2031 4383 neue
2065 4328 2311 4395 Pausia8‚
2365 4328 2466 4381 der
2501 4344 2641 4379 neue

339 4422 516 4490 Paris,
553 4422 643 4475 die
681 4422 1147 4487 neue’Melusine,
1185 4419 1472 4473 civitatem
1508 4419 1645 4473 dare
1682 4414 1911 4472 conatus
1948 4422 2049 4471 est.

2208 4504 2241 4557 8
