3157 5028
1541 399 1608 453 51

405 570 705 636 Velatum
752 569 1067 652 expilasse,
1116 570 1161 634 ii
1209 589 1416 634 secum
1462 571 1771 653 reputent,
1816 571 1894 636 ad
1920 572 2223 654 quantum
2270 574 2578 639 ambitum
2618 573 2717 640 in-

406 671 887 754 terpolationem
959 670 1304 736 Coroniferi
1369 671 1693 736 extendere
1758 671 2039 737 debeant.
2127 673 2435 740 Diodorus
2500 675 2720 741 deinde

407 771 768 854 Asclepiadi
811 771 1170 838 simillimus
1213 771 1280 835 in
1315 790 1381 836 eo
1414 773 1526 850 est,
1582 768 1747 854 quod
1778 773 2021 838 nutrice
2051 773 2278 840 omissa
2308 776 2537 840 amoris
2568 794 2714 841 con-

407 873 738 938 fessionem
784 872 1174 954 paucissimis
1215 871 1504 938 absolvit.
1594 872 1795 937 Addit
1818 875 1839 916 ¹
1889 871 2239 940 Phaedram
2285 874 2565 941 Athenas
2618 895 2716 941 re-

406 993 653 1040 versam
675 991 821 1052 esse,
852 974 924 1038 ut
955 973 1316 1056 privignum
1345 973 1509 1055 apud
1541 973 1844 1038 Theseum
1878 975 2385 1040 calumniaretur.
2443 975 2715 1042 Scaenae

406 1075 763 1151 translati0,
811 1091 970 1154 quae
1023 1073 1383 1156 tragoediae
1438 1073 1759 1156 obstrepit,
1803 1074 2135 1141 historicae
2180 1075 2716 1141 verisimilitudini

408 1177 720 1242 convenit.
829 1175 998 1240 Nam
1062 1176 1332 1240 Theseus
1407 1194 1510 1240 rex
1585 1176 1944 1242 deversatus
2014 1175 2121 1242 ille
2187 1177 2401 1260 paucis
2462 1177 2715 1241 tantum

408 1278 626 1343 diebus
671 1277 836 1360 apud
882 1276 1202 1341 Pittheum
1256 1312 1330 1322 —
1378 1277 1690 1341 omittunt·
1745 1277 2043 1341 nimirum
2089 1278 2522 1360 compilatores
2568 1277 2717 1343 Pal-

405 1379 796 1446 lantidarum
856 1397 1068 1442 necem
1123 1414 1197 1424 —
1255 1396 1458 1442 nonne
1509 1378 1775 1443 Athenis
1835 1379 2079 1461 imperii
2141 1379 2395 1462 negotia
2450 1380 2716 1461 recipere

409 1481 642 1545 debet?
729 1479 849 1544 Sed
909 1479 1197 1543 contorta
1251 1479 1548 1556 narrati0‚
1620 1498 1780 1560 quae
1833 1480 2131 1562 sequitur,
2204 1481 2413 1562 paullo
2473 1480 2717 1546 altioris

407 1581 728 1664 indaginis
772 1582 892 1644 est:
970 1577 1240 1662 Θησέως
1283 1576 1355 1642 δὲ
1398 1573 1819 1660 διστάζοντος
1860 1579 2017 1661 περὶ
2061 1579 2181 1666 τῆς
2222 1578 2547 1668 διαβολῆς,
2608 1567 2716 1643 καὶ

407 1678 528 1746 τὸν
591 1673 990 1745 Ἱππόλυτον
1051 1679 1654 1762 μεταπεμπομένου
1713 1675 1885 1763 πρὸς
1936 1675 2051 1744 τὸν
2117 1675 2396 1765 ἔλεγχον,
2466 1679 2717 1764 Φαίδρα

407 1782 530 1866 μὲν
573 1784 962 1868 φοβηθεῖσα
1005 1775 1121 1843 τὸν
1151 1778 1507 1862 ἐξετασμὸν
1548 1775 1983 1865 α’νεκρέμασεν
2022 1776 2271 1869 ἑαυτήν,
2325 1775 2718 1859 Ἱππόλυτος

409 1884 486 1949 δὲ
535 1879 1028 1967 ἁρματηλατῶν,
1097 1875 1188 1958 ὥς
1231 1871 1470 1969 ἤκουσε
1512 1878 1594 1945 τοὶ
1638 1882 1797 1966 περὶ
1835 1885 1951 1967 τῆς
1994 1882 2322 1968 διαβολῆς,
2388 1876 2715 1966 συνεχύθη

407 1980 529 2072 τὴν
573 1977 806 2068 ψυχήν,
873 1981 981 2047 καὶ
1041 1978 1150 2046 διὰ
1201 1984 1406 2048 τοῦτο
1461 1984 1598 2046 τῶν
1651 1983 1887 2047 ἵππων
1937 1983 2399 2067 ταραχθέντων
2453 1983 2588 2048 κτλ.
2634 2019 2715 2030 —-

413 2087 750 2153 Considera
806 2085 989 2150 modo
1045 2085 1210 2149 circa
1263 2085 1424 2150 hanc
1467 2105 1597 2149 rem
1650 2086 1945 2150 historico
1991 2085 2426 2152 difficultatem
2473 2104 2715 2151 omnem

410 2187 594 2269 verti,
665 2186 974 2269 quomodo
1037 2186 1400 2266 Neptunum
1467 2186 1703 2250 horridi
1773 2187 2037 2251 monstri
2102 2188 2590 2252 machinatorem
2657 2189 2719 2253 et

411 2287 742 2370 Hippolyti
799 2287 1296 2369 exsecrationem,
1364 2288 1436 2351 ut
1481 2306 1639 2368 quae
1681 2288 1944 2352 mortem
2004 2288 2431 2372 pragmaticae
2486 2288 2719 2353 rationi

411 2389 865 2471 repugnantem
918 2388 1166 2467 inferat,
1235 2407 1578 2470 expungere
1639 2389 1850 2470 possit.
1937 2389 2159 2471 Itaque
2204 2389 2477 2453 Theseus
2521 2388 2729 2456 animi.

413 2489 684 2573 pendet²
729 2489 790 2553 et
834 2507 929 2553 res
975 2488 1041 2553 in
1073 2507 1142 2554 eo
1173 2490 1287 2571 est,
1334 2490 1404 2553 ut
1434 2488 1811 2573 Hippolytus
1844 2491 2216 2569 arcessatur;
2263 2491 2399 2553 tum
2431 2488 2717 2554 Phaedra

415 2590 743 2673 Hippolyti
801 2591 1141 2655 instantem
1201 2590 1616 2655 defensionem
1676 2592 1895 2674 verita,
1963 2591 2061 2655 cui
2119 2590 2388 2655 Theseus
2456 2591 2717 2655 fortasse

413 2692 600 2757 fidem
642 2691 972 2755 habiturus
1018 2691 1120 2772 sit,
1175 2694 1374 2755 morte
1417 2692 1775 2756 voluntaria
1818 2711 1948 2756 rem
1994 2690 2259 2756 conficit.
2346 2692 2433 2756 At
2477 2690 2718 2774 Hippo-

410 2794 580 2876 lytus
623 2791 790 2874 patri
843 2810 906 2855 se
958 2809 1232 2873 purgans
1286 2791 1538 2855 omnino
1585 2810 1705 2855 non
1754 2792 2134 2875 producitur,
2192 2793 2339 2875 quia
2392 2812 2531 2857 eum
2578 2793 2717 2857 tum

412 2896 538 2959 iam
583 2892 862 2974 oportuit
907 2890 981 2955 de
1024 2909 1323 2956 novercae
1366 2892 1697 2956 calumniis
1741 2892 2068 2957 certiorem
2112 2892 2265 2972 fieri,
2307 2912 2466 2975 quae
2504 2894 2717 2975 postea

414 2994 594 3078 quasi
636 2986 882 3076 λύσσης
937 3012 1190 3057 munere
1243 2993 1613 3075 funguntur.
1702 2994 1791 3057 Ex
1848 2994 2072 3077 quibus
2132 2995 2416 3059 omnibus
2472 2993 2591 3058 tibi
2642 3012 2719 3057 ne

413 3091 604 3160 unam
668 3094 915 3187 quidem
969 3093 1327 3175 tragoediae
1371 3112 1674 3159 scaenam
1731 3095 2023 3178 effingere
2083 3094 2427 3179 contingat.
2515 3095 2719 3159 Immo

412 3196 689 3261 Diodoro
728 3194 986 3259 eundem
1029 3195 1374 3260 similemve
1416 3198 1825 3278 archetypum
1866 3200 2057 3279 atque
2089 3196 2445 3278 Asclepiadi
2474 3196 2717 3277 praesto

413 3298 621 3374 fuisse,
695 3314 878 3379 quem
945 3314 1056 3359 suo
1105 3295 1306 3361 Marte
1366 3297 1701 3362 historicae
1754 3298 1983 3363 rationi
2036 3296 2552 3372 accommodaret,
2621 3296 2721 3359 vel

413 3398 557 3462 inde
602 3397 879 3480 apparet,
925 3396 1089 3479 quod
1135 3398 1298 3480 apud
1343 3399 1681 3480 utrumque
1710 3400 1873 3463 ratio
1905 3398 2310 3475 desideratur,
2355 3415 2479 3479 qua
2510 3389 2549 3479 ἡ
2579 3393 2719 3459 δια-

413 3494 578 3585 βολὴ
620 3490 873 3584 φανεροὶ
918 3495 1213 3581 γίγνεται.
1303 3498 1613 3563 Diodorus
1657 3500 1868 3564 autem
1916 3500 2108 3565 etiam
2138 3495 2491 3564 accuratius
2522 3495 2719 3560 altero

417 3598 712 3663 describit
753 3598 1066 3679 Euripidis
1108 3618 1355 3663 versum
1402 3599 1564 3663 1310
1612 3600 1793 3664 modo
1838 3600 2102 3665 allatum
2154 3601 2221 3664 in
2268 3599 2390 3663 his:
2463 3594 2719 3680 Φαίδρα

413 3696 531 3780 μὲν
560 3700 946 3785 φοβηθεῖσα
963 3691 1078 3762 τὸν
1107 3695 1461 3781 ἐξετασμόν
1495 3701 1719 3781 aptans
1750 3720 1890 3765 eum
1922 3701 2174 3784 quidem
2204 3718 2316 3765 suo
2346 3698 2661 3781 proposito
2674 3702 2719 3763 ⁸.

621 3987 639 4017 ¹
681 3988 790 4038 Καὶ
828 3986 1248 4040 ἐπανελθοῦσαν
1295 3988 1373 4045 εἰς
1415 3982 1510 4045 τὰς
1550 3980 1770 4051 ’θήνας
1820 3989 1995 4043 εἰπεῖν
2049 3988 2147 4057 (sc.
2188 3989 2355 4060 φασί)
2410 3986 2487 4059 τῷ
2534 3990 2721 4083 Θησεῖ,

421 4070 560 4130 διότι
597 4068 896 4140 ἐπεβάλετο
931 4069 1248 4134 Ἱππόλυτος
1284 4069 1417 4148 αυτῇ
1451 4075 1698 4146 μιγῆναι.

632 4164 655 4195 ²
691 4162 813 4217 Hoc
850 4162 909 4215 in
945 4163 1060 4217 ulla
1095 4181 1344 4233 unquam
1383 4156 1677 4235 tragoedia
1730 4164 1916 4218 locum
1960 4163 2211 4219 invenire
2260 4163 2509 4234 potuisse
2554 4164 2719 4217 antea

420 4251 636 4323 negavi.

621 4339 644 4372 ⁸
686 4339 1046 4393 Praeclarum
1083 4338 1380 4395 affinitatis
1419 4340 1755 4409 exemplum,
1811 4356 1953 4407 quae
1998 4339 2246 4394 Diodoro
2304 4353 2432 4393 cum
2485 4338 2721 4392 historia

423 4428 770 4498 Asclepiadis
807 4430 1032 4483 nomine
1070 4436 1270 4484 ornata
1307 4430 1626 4497 intercedit,
1665 4427 1949 4483 Schwartz
1986 4429 2045 4498 (1.
2084 4430 2119 4481 l.
2156 4445 2212 4497 p.
2236 4430 2343 4481 452
2366 4428 2473 4496 sq.)
2506 4426 2720 4493 attulit,
