3157 5028
1577 289 1652 341 24

469 459 725 526 Veneris
777 458 1092 524 invocatio
1149 460 1509 542 sequeretur
1573 461 1635 524 et
1690 460 1909 526 chorus
1977 460 2107 526 vim
2164 461 2417 527 Amoris
2476 462 2767 529 laudibus

468 559 709 626 efferret
737 562 773 626 ¹.

669 660 998 746 Hippolyti
1033 660 1242 726 Velati
1281 661 1631 742 temporum
1677 661 1916 727 invidia
1947 662 2123 728 nobis
2156 665 2399 745 ereptae
2428 665 2767 748 imaginem

467 781 610 829 cum
659 763 806 829 olim
853 783 922 826 ex
965 762 1230 828 Senecae
1274 761 1578 840 Phaedra,
1652 760 1860 827 Ovidii
1924 766 2149 846 quarta
2204 765 2492 847 epistula,
2560 785 2769 832 sarco-

466 865 708 948 phagis,
753 865 1249 947 fragmentorum
1280 863 1544 945 denique
1575 865 1963 929 servatorum
1995 864 2215 929 laceris
2244 865 2550 946 frustuli8‚
2592 867 2768 932 testi-

468 966 692 1031 moniis
755 965 852 1030 his
917 965 1138 1029 mutua
1185 964 1512 1029 concordia
1577 983 1643 1030 se
1688 965 2201 1030 confirmantibus
2264 967 2652 1050 invicemque
2704 987 2769 1034 se

463 1067 786 1131 tuentibus
828 1065 1255 1148 redintegrare
1298 1067 1556 1130 conatus
1600 1085 1813 1149 essem,
1875 1067 1977 1132 via
2022 1086 2061 1131 a
2092 1066 2577 1133 Wilamowitzio
2622 1069 2693 1150 (1.
2726 1068 2767 1134 1.

466 1188 524 1250 p.
554 1168 676 1232 154
719 1167 795 1232 cf.
822 1187 878 1250 p.
907 1167 1058 1248 209)
1098 1167 1369 1231 breviter
1411 1166 1712 1245 indicata,
1781 1168 1937 1232 Leo²
1988 1167 2234 1231 interim
2265 1168 2769 1250 circumspectius

467 1269 590 1334 toti
631 1269 775 1333 huic
820 1266 1172 1350 quaestioni
1239 1266 1420 1331 firma
1487 1267 1894 1332 fundamenta
1949 1267 2313 1344 substruxit,
2382 1268 2455 1332 ut
2519 1287 2655 1332 eam
2699 1288 2769 1334 ex

464 1369 859 1435 incunabulis
905 1369 1104 1433 denuo
1152 1370 1426 1450 repetere
1470 1368 1917 1451 supersedeam,
1974 1389 2050 1434 ne
2100 1371 2243 1434 acta
2299 1389 2481 1450 agere
2534 1369 2767 1435 videar.

467 1471 630 1537 Usus
683 1471 847 1534 enim
901 1471 997 1552 iis,
1072 1489 1230 1552 quae
1285 1470 1580 1544 indicavi,
1644 1470 1936 1535 subsidiis
2002 1470 2303 1535 nonnulla
2357 1472 2565 1553 capita
2621 1489 2770 1536 con-

467 1571 656 1636 clusit
715 1573 788 1637 de
845 1571 1093 1637 fabulae
1151 1571 1544 1650 oeconomia,
1613 1571 1677 1636 id
1744 1572 2087 1638 rectissime
2150 1572 2329 1636 firmo
2397 1574 2769 1655 argumento

468 1673 640 1738 nisus
685 1672 1008 1737 affirmans
1051 1693 1108 1754 p.
1143 1673 1287 1738 176:
1335 1673 1675 1738 verisimile
1718 1692 1865 1756 esse,
1911 1673 1963 1736 si
2010 1673 2239 1738 Seneca
2285 1674 2597 1755 congruat
2627 1692 2769 1739 cum

467 1774 692 1838 Ovidio
723 1776 787 1838 in
819 1774 916 1857 iis,
963 1794 1122 1856 quae
1163 1775 1238 1839 ad
1264 1774 1586 1840 Phaedrae
1630 1793 1831 1839 mores
1876 1775 2059 1838 aliter
2103 1793 2293 1857 quam
2337 1775 2401 1838 in
2425 1774 2769 1857 Hippolyto

472 1874 784 1941 Coronato
819 1875 1120 1940 formatos
1165 1876 1460 1958 spectent,
1508 1895 1632 1940 non
1674 1876 1808 1939 tam
1837 1874 2047 1940 Ovidii
2094 1875 2425 1956 epistulam
2470 1894 2507 1940 a
2539 1873 2769 1940 Seneca

468 1998 817 2062 expressam
850 1998 996 2062 esse,
1040 1999 1229 2062 quam
1262 1980 1595 2061 utrumque
1626 1977 1705 2042 ad
1739 1996 2127 2042 communem
2160 1976 2393 2041 fontem
2426 1977 2769 2042 accessisse.

473 2078 767 2146 Ovidium
817 2078 1064 2162 quidem
1112 2081 1354 2161 praeter
1398 2080 1692 2144 Velatum
1738 2077 2095 2144 Coronifero
2152 2095 2333 2142 usum
2393 2095 2541 2160 esse,
2606 2076 2770 2160 quod

470 2201 577 2264 per
607 2201 670 2247 se
699 2183 1032 2248 admodum
1068 2183 1386 2265 probabile
1431 2184 1540 2261 est,
1593 2183 1736 2246 Birt
1766 2182 1911 2257 (Rh.
1935 2181 2094 2246 Mus,
2116 2180 2371 2244 XXXII
2418 2199 2477 2262 p.
2504 2179 2627 2242 403
2652 2183 2769 2260 sq.)

471 2283 852 2364 probabilius
897 2283 1168 2348 reddidit
1212 2284 1693 2349 demonstrando
1737 2284 1983 2366 poetam
2030 2283 2383 2346 Romanum
2440 2279 2771 2344 nonnullos

470 2385 756 2450 servatae
797 2385 1046 2452 fabulae
1098 2386 1264 2451 locos
1309 2385 1389 2451 ad
1436 2386 1693 2451 verbum
1739 2385 2165 2468 expressisse³;
2228 2401 2586 2466 quanquam
2649 2401 2770 2446 non

675 2640 693 2672 ¹
737 2639 843 2708 Qui
883 2658 1074 2695 versus
1112 2642 1235 2695 494.
1273 2642 1342 2695 95
1382 2646 1439 2695 et
1477 2643 1584 2694 500
1628 2642 1688 2695 in
1726 2641 2095 2709 suspicionem
2134 2643 2353 2707 vocant,
2396 2641 2649 2705 caveant,
2703 2656 2775 2693 ne

473 2729 860 2798 praeiudicata
897 2729 1161 2799 opinione
1197 2734 1396 2799 poetae
1435 2730 1609 2783 verba
1634 2730 1958 2784 metiantur.
2013 2729 2159 2783 Nam
2184 2728 2461 2782 nutricem
2482 2726 2774 2781 Phaedrae

474 2819 791 2872 constantia
829 2836 1168 2889 magnopere
1205 2818 1410 2872 iratam
1459 2818 1710 2873 incidere
1756 2820 1817 2871 in
1862 2818 2324 2873 contumeliosam
2376 2816 2773 2885 loquacitatem

473 2911 532 2961 et
566 2906 712 2960 irato
749 2911 971 2961 tumore
1011 2908 1258 2976 priorem
1283 2909 1576 2975 rationem,
1618 2926 1729 2976 qua
1755 2909 1815 2961 in
1838 2909 2024 2977 prima
2049 2906 2269 2961 honesti
2297 2905 2774 2960 commendatione

475 2995 700 3049 foedum
747 3013 994 3049 amorem
1029 2996 1235 3065 posuit,
1298 2996 1653 3050 abdicantem
1700 2997 1814 3050 iam
1866 2996 2167 3050 concedere
2216 3000 2383 3063 turpe
2432 3012 2566 3055 esse,
2624 2994 2773 3063 quod

473 3083 722 3151 suadeat,
777 3084 874 3139 sed
923 3084 1120 3138 utilius
1167 3102 1336 3153 quam
1380 3084 1696 3153 honestum,
1753 3085 1889 3154 quid
1936 3085 1996 3137 in
2042 3102 2105 3138 eo
2158 3084 2367 3137 mirum
2402 3088 2501 3137 aut
2536 3086 2773 3137 naturae

473 3172 833 3242 repugnans?
904 3172 1113 3227 Verum
1166 3178 1250 3227 est
1295 3173 1478 3227 lenam
1525 3191 1577 3226 v.
1618 3175 1722 3228 495
1771 3189 2037 3242 spurcum
2085 3172 2493 3241 quodammodo
2532 3172 2774 3226 colorem

475 3260 664 3315 verbis
701 3261 982 3330 inducere,
1037 3262 1136 3315 sed
1172 3262 1351 3316 nostri
1387 3262 1576 3332 potius
1614 3280 1803 3315 sensus
1840 3267 1927 3315 est
1964 3261 2022 3314 in
2060 3261 2267 3315 talibus
2314 3259 2539 3314 offendi.
2614 3258 2775 3313 Gloel

475 3350 654 3420 igitur
691 3351 751 3417 (1.
790 3352 826 3405 1.
864 3368 918 3421 Ρ.
947 3352 1014 3405 33
1053 3369 1134 3420 sq.
1173 3354 1242 3405 52
1278 3355 1377 3420 sq.)
1416 3351 1519 3405 hos
1554 3368 1748 3405 versus
1786 3351 1857 3405 ab
1897 3351 2269 3420 interpretum
2310 3348 2773 3417 temptationibus

475 3438 778 3508 prohibens
816 3439 1252 3509 adstipulantem
1289 3458 1378 3493 me
1414 3444 1611 3495 nactus
1650 3445 1749 3495 est.

676 3530 698 3561 ²
736 3528 797 3583 L.
833 3530 1052 3583 Annaei
1091 3528 1328 3583 Senecae
1367 3529 1692 3599 tragoediae
1730 3528 1755 3580 1
1798 3543 1849 3597 Ρ.
1899 3528 1999 3581 173
2037 3546 2117 3597 sq.

675 3618 695 3649 ⁸
733 3616 984 3671 Nimium
1017 3618 1244 3686 quidem
1281 3618 1408 3673 Birt
1453 3618 1659 3673 tribuit
1709 3617 1859 3685 huic,
1918 3634 2059 3685 quae
2115 3614 2413 3670 intercedit
2465 3614 2615 3669 inter
2664 3614 2775 3682 epi-

475 3704 681 3759 stulam
739 3704 1027 3759 heroidem
1073 3711 1129 3761 et
1190 3706 1578 3762 Coroniferum
1646 3705 1975 3772 similitudo,
2028 3712 2157 3759 cu'm
2214 3704 2361 3766 iusto
2420 3702 2773 3765 artificiosius

477 3810 668 3847 ansam
706 3811 774 3847 ex
820 3794 926 3848 hac
981 3796 1219 3850 extricet
1265 3796 1338 3850 ad
1387 3796 1763 3865 comparanda
1800 3794 2000 3849 Graeci
2044 3796 2243 3864 poetae
2290 3791 2460 3845 verba
2512 3808 2639 3846 cum
2683 3791 2773 3845 de-

475 3883 780 3952 scriptione
837 3881 1144 3939 Ovidianae
1199 3885 1435 3954 puellae.
1531 3885 1832 3939 Contendit
1896 3884 2047 3939 enim
2100 3901 2155 3952 Ρ.
2198 3882 2302 3935 405
2364 3884 2609 3950 poetam,
2678 3879 2775 3948 qui

476 3970 794 4025 Phaedram
840 3972 1178 4027 scribentem
1227 3972 1433 4043 fingat:
1496 3971 1613 4027 ‘ubi
1670 3992 1817 4028 nunc
1877 3972 2055 4025 fastus
2093 3971 2320 4039 altaque
2363 3969 2537 4024 verba
2573 3964 2769 4022 iacent'

473 4058 602 4127 (Ov.
656 4062 796 4128 150),
858 4061 1058 4131 legisse
1113 4074 1306 4116 versus
1361 4062 1651 4131 Euripidis
1713 4062 1818 4115 406
1866 4078 1965 4129 sq.,
2027 4059 2289 4128 quoniam
2357 4058 2416 4111 in
2478 4057 2599 4125 ipsa
2660 4056 2773 4125 epi·

477 4148 627 4202 stula
685 4166 866 4217 neque
923 4149 1131 4205 fastum
1185 4150 1663 4219 deprehendamus
1713 4167 1893 4219 neque
1950 4149 2065 4202 alta
2111 4146 2301 4202 verba.
2372 4146 2548 4200 Immo
2596 4148 2660 4199 ut
2715 4145 2771 4198 in

481 4236 670 4291 Ovidii
709 4238 894 4291 verbis
934 4256 1150 4293 merum
1188 4245 1576 4295 ornamentum
1633 4240 1905 4293 eroticum
1962 4253 2339 4308 agnoscamus,
2396 4234 2593 4289 suadet
2647 4251 2774 4288 con·

479 4328 634 4379 stans
663 4325 1047 4381 fabulator-um
1075 4330 1159 4383 rei
1186 4328 1494 4383 amatoriae
1517 4345 1667 4397 usus,
1704 4328 1802 4397 qui
1833 4326 2083 4382 furorem
2119 4340 2297 4396 paene
2320 4322 2619 4378 exitiosum
2644 4320 2775 4377 inde
