3157 5028
1620 380 1691 433 50

504 573 694 639 quam
733 551 940 618 Diana
980 552 1214 617 crimen
1259 551 1660 617 manifestum
1709 551 1881 615 facit.
1970 551 2131 615 Eum
2176 551 2406 630 autem,
2474 551 2581 635 qui
2624 551 2811 616 deam

501 656 568 720 in
611 672 895 718 scaenam
941 671 1065 718 non
1106 652 1488 735 produceret,
1535 688 1617 698 —
1661 652 1827 736 quod
1864 651 2127 716 fortasse
2172 650 2493 733 Sophoclis
2548 654 2681 716 erat
2722 687 2811 697 -

506 753 837 821 verisimile
903 754 996 819 est
1048 752 1399 818 Phaedram
1457 752 1657 834 ipsam
1728 751 2072 817 calumnias
2135 752 2522 834 detegentem
2572 752 2808 831 fecisse,

503 857 575 921 ut
618 855 846 921 Seneca
901 855 1138 920 docet¹.
1229 852 1407 934 Quod
1451 853 1849 935 Asclepiades
1909 853 2164 917 minime
2222 852 2555 936 significat.
2644 853 2809 918 Utut

477 977 597 1030 ‚res
641 977 706 1022 se
749 956 965 1020 habet:
1033 954 1150 1018 hoc
1193 953 1398 1035 ipsum
1444 956 1597 1031 erat,
1666 972 1787 1035 quo
1814 989 1819 992 ·
1850 954 2115 1019 maxime
2159 953 2519 1035 tragoediae
2563 953 2809 1017 differe-

502 1059 672 1124 bant.
761 1057 894 1121 Aut
937 1055 1136 1137 igitur
1177 1055 1546 1137 compilator
1590 1055 1751 1118 illud
1793 1045 2190 1136 ὁμολογοῦσι
2230 1053 2309 1118 ad
2354 1072 2548 1117 uuum
2593 1045 2808 1136 ἀπάγ-

503 1159 745 1239 ξασθαι
777 1155 1314 1240 neglegentissime
1339 1155 1532 1231 refert
1563 1157 1676 1220 aut
1705 1156 1785 1220 ad
1822 1156 2144 1238 vulgarem
2191 1155 2397 1237 potius
2436 1155 2503 1218 in
2534 1155 2808 1220 chresto-

501 1261 756 1327 mathiis
788 1259 1036 1324 fabulae
1061 1259 1347 1341 formam,
1393 1259 1611 1340 utpote
1652 1276 1813 1340 quae
1860 1257 2052 1322 altius
2095 1257 2431 1321 affectuum
2474 1257 2801 1321 discrImen

502 1361 776 1442 omittat,
822 1359 1092 1442 respicit.
1125 1395 1201 1404 —
1237 1359 1452 1441 Neque
1476 1359 1682 1422 minus
1727 1378 1765 1422 a
1809 1359 2133 1440 tragoedia
2164 1357 2437 1422 alienum
2482 1359 2595 1440 est,
2640 1359 2806 1440 quod

500 1462 697 1527 restat
749 1462 1182 1524 ornamentum
1246 1462 1735 1524 commemoratu
1789 1460 2085 1542 dignum:
2159 1449 2651 1540 εὐλαβούμενος
2694 1461 2804 1536 (sc.

506 1554 788 1644 Θησεύς)
849 1558 922 1624 δὲ
962 1562 1284 1644 μητρυιᾶς
1331 1555 1687 1644 ἐπιβουλὴν
1734 1559 1985 1641 πέμπει
2033 1554 2110 1640 ἐξ
2152 1549 2463 1644 Ἀθηνῶν
2506 1553 2623 1623 τὸν
2666 1552 2808 1622 υἱόν

494 1657 888 1726 Ἱππόλυτον
919 1659 1315 1745 Τροιζηνίων
1343 1649 1580 1744 όέρχειν.
1625 1662 1725 1726 An
1764 1661 2057 1726 credibile
2102 1661 2404 1725 Theseum
2444 1662 2509 1725 in
2552 1680 2805 1726 uxorem

499 1763 904 1844 suspiciosum
951 1764 1006 1827 ei
1050 1764 1264 1845 postea
1308 1762 1510 1825 filium
1553 1763 1754 1845 stupri
1806 1763 2127 1827 accusanti
2184 1763 2317 1826 sine
2370 1763 2500 1828 ulla
2555 1763 2806 1826 dubita-

500 1865 668 1928 tione
713 1863 1014 1927 confisum
1061 1882 1206 1940 esse,
1253 1864 1326 1927 ut
1370 1863 1732 1944 tragoediae
1777 1864 1937 1928 ratio
1971 1863 2297 1945 postulat?
2362 1863 2463 1927 Ad
2494 1881 2801 1927 summam

499 1966 696 2047 igitur
739 1964 1069 2029 didicimus
1117 1965 1280 2029 hunc
1325 1964 1647 2028 centonem
1694 1965 1915 2045 pannis
1961 1964 2231 2046 undique
2263 1964 2662 2048 neglegenter
2696 1962 2803 2027 ad-

501 2066 661 2130 sutis
705 2065 942 2129 fartum
986 2065 1064 2128 ad
1111 2065 1605 2147 qualemcunque
1647 2065 2037 2148 tragoediam
2068 2065 2543 2130 instaurandam
2572 2064 2807 2127 nullius

497 2166 683 2248 pretii
728 2185 872 2230 esse.

701 2267 971 2330 Transeo
1016 2266 1094 2330 ad
1142 2266 1486 2329 Diodorum
1553 2267 1691 2347 (IV,
1740 2267 1875 2346 62);
1944 2267 2052 2348 qui
2112 2267 2245 2331 sive
2307 2269 2436 2348 ipse
2496 2267 2627 2330 sive
2678 2266 2805 2348 ille,

423 2450 428 2456 ,
497 2386 677 2450 quem
745 2366 1056 2440 describit,
1124 2385 1264 2430 cum
1326 2367 1536 2430 omnia
1605 2367 1685 2430 ad
1738 2368 2036 2432 historiae
2087 2367 2571 2432 similitudinem·
2624 2385 2804 2431 revo-

498 2487 638 2533 care
688 2468 983 2545 studeret,
1049 2467 1343 2532 mirificas
1403 2468 1797 2534 machinatus
1842 2470 1934 2533 est
1977 2457 2315 2546 machinas
2380 2487 2537 2550 quae
2590 2468 2801 2533 tamen

501 2587 710 2633 omnes
769 2569 834 2631 in
889 2567 1216 2633 manifesta
1282 2570 1887 2652 uniusexemplaris
1948 2569 2390 2651 depravatione
2433 2568 2801 2650 deprehendi

499 2669 771 2750 possunt.
861 2670 1122 2734 Initium
1185 2671 1563 2735 narrationis
1627 2672 1944 2736 evidenter
2012 2690 2079 2735 ex
2146 2670 2477 2753 Euripideo
2542 2670 2799 2752 prologo

497 2770 932 2851 depromptum
975 2772 1096 2834 est:
1167 2766 1402 2851 μικρὸν
1446 2770 1502 2835 δ’
1549 2764 1821 2855 ὕστερον
1860 2764 2256 2834 Ἱππολύτου
2313 2764 2803 2845 ἐπανελθόντος

497 2865 592 2946 εἰς
645 2865 761 2945 τὰς
816 2859 1108 2955 Ἀθήνας
1163 2867 1334 2951 πρὸς
1397 2866 1478 2934 τὰ
1532 2867 1875 2960 μυστήρια,
1948 2870 2195 2954 Φαίδρα
2256 2866 2364 2935 διὰ
2422 2866 2501 2935 τὸ
2567 2869 2802 2946 κάλλος

498 2970 860 3054 ἐρασθεῖσα
903 2962 1104 3049 αὐτοῦ
1147 2970 1300 3036 τότε
1343 2971 1462 3055 μὲν
1504 2964 1925 3050 ἀπελθόντος
1970 2970 2064 3050 εἰς
2116 2974 2437 3058 Τροιζῆνα
2488 2966 2799 3055 ἱδρύσατο

496 3066 675 3154 ἱερὸν
717 3068 1118 3156 Ἀφροδίτης
1161 3068 1342 3153 παρὰ
1384 3069 1501 3161 τὴν
1544 3066 1931 3158 ἀκρόπολιν,
2000 3070 2166 3139 ὅθεν
2208 3060 2287 3163 ἦν
2340 3075 2639 3157 καθορᾶν
2681 3068 2803 3155 τήν

507 3172 842 3256 Τροιζῆνα,
906 3167 1184 3256 ὕστερον
1229 3172 1301 3237 δὲ
1347 3176 1530 3258 παρὰ
1573 3176 1666 3261 τῷ
1708 3180 1964 3241 Πιτθεῖ
2005 3172 2172 3258 μετὰ
2211 3178 2328 3240 τοῦ
2379 3174 2665 3259 Θησέως·
2689 3198 2803 3237 κα-

497 3271 826 3337 ταλύσασα
871 3263 1052 3358 ἠξίου
1097 3268 1213 3339 τὸν
1239 3268 1635 3341 Ἱππόλυτον
1661 3279 1924 3362 μιγῆναι
1954 3268 2141 3365 αὕτῇ.
2194 3278 2570 3342 Accuratius
2600 3278 2799 3359 igitur

499 3393 686 3456 quam
745 3374 1143 3455 Asclepiades
1206 3377 1500 3442 describit
1565 3379 1781 3460 templi
1846 3379 2315 3454 dedicationem,
2388 3377 2627 3460 plenius
2690 3378 2802 3441 dat

498 3475 811 3557 Euripidis
881 3494 938 3539 v.
986 3478 1068 3540 24
1113 3496 1203 3559 sq.
1261 3480 1447 3543 antea
1509 3498 1997 3544 commemorans
2056 3479 2469 3562 Hippolytum
2520 3478 2801 3542 Athenas

495 3576 576 3640 ad
631 3578 927 3660 mysteria
983 3579 1240 3643 visenda
1293 3580 1641 3661 profectum
1706 3600 1861 3655 esse3
1927 3580 2257 3645 manifesto
2323 3580 2585 3661 denique
2635 3579 2797 3643 idem

495 3678 872 3743 narrationis
902 3698 1267 3761 progressus
1311 3681 1405 3744 est
1423 3683 1464 3745 2.
1551 3682 1760 3763 Atque
1802 3682 1955 3745 haec
1999 3681 2209 3745 omnia
2253 3680 2519 3745 maxime
2562 3698 2801 3761 prem03

496 3796 644 3842 nam
677 3779 783 3861 qui
829 3798 970 3844 cum
1004 3780 1330 3846 Wheelero
1364 3782 1430 3862 (l.
1465 3784 1506 3846 l.
1552 3802 1609 3863 p.
1642 3780 1750 3864 46)
1794 3781 2178 3846 contendunt
2223 3781 2563 3846 Diodorum
2608 3780 2671 3842 in
2703 3779 2799 3843 his

699 4058 714 4089 ¹
756 4056 1096 4111 Commutati
1134 4060 1451 4129 argumenti
1485 4064 1691 4115 natura
1727 4060 1833 4114 hoc
1866 4060 2074 4129 vincit3
2122 4058 2385 4129 quocirca
2426 4074 2580 4125 cave,
2617 4074 2687 4109 ne
2725 4054 2798 4108 ob

493 4143 639 4197 hanc
674 4161 794 4197 rem
833 4144 1126 4214 Sophoclis
1173 4147 1424 4202 fabulam
1476 4153 1675 4218 poetae
1713 4148 1966 4203 Romano
2011 4147 2159 4201 inter
2202 4164 2399 4201 manus
2455 4146 2627 4199 fuisse
2670 4160 2799 4197 con—

494 4231 702 4288 eludas.
2058 4248 2064 4253 “

695 4321 716 4353 2
754 4320 910 4375 Sicut
946 4322 1247 4393 Euripides
1295 4329 1366 4392 (v.
1409 4329 1498 4393 11)
1544 4326 1821 4381 Diodorus
1870 4331 2067 4381 narrat
2106 4326 2476 4396 Hippolytum
2516 4324 2798 4377 Troezene

494 4408 789 4462 educatum
827 4426 960 4479 esse,
1001 4413 1097 4467 sed
1123 4412 1272 4483 παρὰ
1298 4421 1410 4474 τοῖς
1435 4421 1660 4487 Αἴθρας
1682 4410 1971 4487 ἂδελφοῖς.’
2003 4415 2163 4470 Unde
2188 4416 2294 4469 hoc
2317 4414 2539 4480 habeat,
2576 4412 2794 4481 ignoro.
