3157 5028
1509 311 1581 365 23

391 477 782 562 significatas
825 500 954 547 esse
1019 481 1430 563 existumans;
1487 502 1628 548 cum
1694 502 1841 550 1000
1907 480 2131 572 ἐπῳδὴ
2205 486 2413 568 potius
2476 485 2693 552 incan-

391 583 662 648 tationes
715 583 998 666 magicae
1039 583 1120 648 ad
1175 585 1597 650 amoliendum
1660 586 1939 650 morbum
1996 588 2179 668 aptae
2244 585 2690 668 significentur,

391 686 464 750 ut
511 683 695 750 Gloel
747 685 816 762 (1.
871 684 913 750 1.
962 703 1019 766 11.
1075 682 1183 766 55)
1240 684 1419 766 111111,
1486 685 1781 768 delegans
1834 687 1913 751 ad
1958 685 2138 752 Pind.
2188 687 2374 771 Pyth.
2420 686 2535 769 III,
2590 687 2687 750 51.

390 783 547 869 (91).
613 784 798 868 Soph.
846 785 943 850 Ai.
990 786 1131 850 582.
1242 785 1478 866 Quibus
1534 785 1687 864 10013
1744 787 1983 852 adicere
2050 787 2197 852 licet
2253 789 2397 852 Eur.
2458 787 2688 852 Phoen.

397 887 587 952 1260:
634 884 846 972 φίλτρ’
893 883 1188 970 ἐπῳδῶν,
1235 885 1298 950 01
1342 884 1663 952 Ρ111131011.
1698 887 1906 953 Amat.
1942 889 2047 953 16:
2092 885 2209 976 τὴν
2255 885 2325 952 δὲ
2370 882 2690 972 ἐρωτικήν

388 987 642 1070 μανίαν,
689 1023 761 1034 --
810 977 888 1051 οὕ
935 979 1183 1052 Μοῦσά
1225 1009 1341 1065 τις,
1404 976 1529 1052 οὐκ
1571 981 1795 1072 ἐπῳδὴ
1842 987 2233 1076 θελκτήριος
2278 988 2688 1072 καθίστησιν.

387 1090 522 1154 Ι3111
579 1089 633 1154 31
684 1088 1018 1171 Euripidea
1071 1088 1258 1153 verba
1309 1088 1463 1154 33113
1517 1087 1793 1154 dilucida
1857 1082 2052 1154 νόσον
2108 1087 2561 1176 καταστρέφου
2626 1091 2689 1154 01

388 1183 748 1276 φανήσεταί
798 1211 864 1252 τι
905 1187 1102 1272 τῆσδε
1143 1181 1492 1272 φάρμακον
1550 1180 1748 1268 νόσου
1805 1189 1869 1253 111
1916 1191 2222 1255 rationem
2265 1191 2523 1270 vocaris,
2570 1191 2689 1254 du-

389 1291 562 1356 bium
624 1309 752 1356 0330
817 1290 1050 1372 110111111,
1121 1290 1271 1372 quin
1327 1290 1510 1372 poeta
1567 1289 1644 1356 de
1704 1291 1919 1356 morbo
1985 1290 2365 1373 depellendo,
2432 1310 2555 1357 non
2613 1291 2689 1356 de

388 1410 597 1458 amore
648 1391 726 1457 ad
780 1391 963 1456 finem
1023 1391 1412 1474 perducendo
1466 1392 1781 1474 cogitarit.
1870 1392 2004 1473 Quo
2057 1392 2462 1457 fundamento
2516 1393 2689 1457 labe-

386 1491 554 1557 facto
615 1512 895 1559 corruere
955 1494 1191 1572 totum,
1257 1492 1422 1574 quod
1486 1492 1583 1557 vir
1650 1493 1869 1558 doctus
1923 1493 2121 1558 falsae
2185 1493 2332 1558 huic
2382 1493 2687 1576 interpre-

384 1593 617 1658 tationi
657 1593 1134 1676 transponendis
1181 1593 1458 1658 versibus
1503 1594 1916 1674 superstruxit
1958 1593 2315 1671 artificium,
2370 1593 2437 1657 in
2477 1594 2685 1677 aprico

383 1695 511 1769 est3
569 1695 642 1758 ut
685 1696 928 1760 taceam
971 1695 1046 1758 de
1088 1694 1366 1759 versibus
1411 1693 1703 1758 513—15
1748 1694 1879 1758 eius
1922 1694 2153 1759 iudicio
2199 1695 2518 1760 Phaedrae
2570 1695 2687 1759 tri-

384 1793 661 1872 buendiS‚
719 1794 794 1860 de
836 1814 960 1878 qua
1004 1794 1358 1860 coniectura
1403 1794 1615 1858 actum
1662 1795 1774 1859 est.
1839 1829 1913 1884 ,-
1979 1794 2259 1877 Denique
2302 1795 2368 1858 in
2409 1797 2686 1860 medium

382 1895 694 1976 proferens
764 1897 1184 1960 coniecturam
1241 1894 1397 1960 mihi
1469 1895 1620 1960 olim
1684 1896 2041 1979 probatam:
2120 1895 2332 1960 eiectis
2406 1896 2685 1961 versibus

384 1997 675 2062 509-15
721 1997 872 2064 istos
917 1999 1191 2082 quinque
1235 2016 1448 2063 versus
1477 1997 1766 2062 477—81
1824 1998 1939 2062 hoc
1982 1999 2117 2062 loco
2162 1995 2515 2062 inserendos
2559 2015 2687 2062 esse

383 2100 771 2165 antevertere
793 2099 964 2166 volui
987 2100 1128 2164 aliis
1153 2099 1297 2164 huic
1327 2099 1846 2164 transmutationi
1870 2099 2080 2164 forsan
2105 2099 2389 2164 veritatis
2420 2098 2685 2180 speciem

383 2218 506 2265 non
549 2200 1073 2266 abiudicantibus
1134 2200 1252 2279 Me,
1305 2201 1358 2264 si
1403 2219 1541 2267 eam
1582 2199 1788 2265 adhuc
1831 2200 2175 2281 probarem,
2230 2199 2297 2263 in
2342 2199 2682 2281 peculiaria

383 2319 521 2366 mea
567 2303 939 2384 argumenta
981 2301 1366 2368 saeviturum
1413 2319 1558 2380 esse,
1613 2321 1737 2366 non
1782 2301 1891 2380 est,
1968 2319 2075 2366 cur
2118 2299 2387 2382 amplius
2430 2300 2684 2365 demon-

381 2402 589 2467 strem.
700 2402 1025 2486 Frigidum
1092 2403 1250 2467 esset
1316 2401 1626 2467 nutricem
1690 2401 1956 2466 infacete
2023 2401 2423 2466 mentientem
2492 2402 2554 2465 et
2607 2419 2683 2466 ne

382 2502 696 2569 levissimo
740 2503 991 2586 quidem
1035 2503 1195 2568 nutu
1247 2502 1530 2569 fallacias
1591 2503 1951 2585 prodentem
2008 2501 2313 2567 inducere.
2404 2500 2683 2587 Accedit,

383 2604 548 2687 quod
591 2605 874 2671 Phaedra
941 2595 1247 2671 nutricem
1305 2605 1380 2670 de
1441 2603 1711 2669 remedio
1774 2603 2047 2687 quodam
2112 2604 2322 2669 futuro
2388 2623 2682 2687 suspensa

382 2706 570 2771 verba
613 2706 942 2771 facientem
1009 2724 1132 2771 non
1193 2705 1286 2769 ita
1330 2704 1725 2787 interpellare
1770 2705 1993 2785 potest,
2062 2705 2241 2785 quasi
2283 2704 2523 2768 certum
2570 2705 2681 2769 ali-

381 2806 546 2889 quod
588 2807 930 2872 remedium
974 2807 1101 2871 iam
1146 2805 1224 2871 ad
1279 2825 1500 2870 manus
1554 2805 1659 2870 sit.
1731 2841 1811 2850 —
1878 2805 2099 2887 Itaque
2165 2805 2369 2887 persto
2425 2805 2491 2869 in
2547 2824 2680 2870 sen-

383 2908 584 2973 tentia
614 2927 752 2973 mea
782 2908 1126 2990 adscriptos
1173 2926 1300 2973 0330
1345 2908 1454 2971 hos
1498 2925 1711 2972 versus
1758 2926 1827 2971 ex
1856 2908 2058 2989 priore
2098 2906 2334 2982 fabula,
2380 2926 2417 2971 a
2449 2908 2679 2972 lectore

380 3007 686 3086 1111011001,
743 3007 850 3090 qui
893 3008 1125 3073 nutrici
1170 3007 1250 3073 ad
1304 3026 1580 3073 amorem
1624 3006 1985 3071 adhortanti
2030 3009 2363 3090 opponeret
2406 3008 2681 3073 diversos

379 3108 642 3173 nutricis
686 3126 960 3173 amorem
1005 3126 1386 3190 compescere
1421 3107 1707 3172 conantis
1751 3126 1951 3172 mores
1994 3108 2059 3172 in
2091 3108 2291 3173 altera
2314 3109 2677 3193 Hippolyte,

377 3210 451 3274 ut
507 3230 630 3276 non
684 3210 847 3276 male
908 3211 1171 3276 coniecit
1214 3209 1521 3288 Barthold
1582 3210 1726 3289 (Rh.
1775 3210 1935 3274 Mus,
1986 3209 2204 3275 XXXI
2260 3228 2317 3291 p.
2367 3210 2489 3275 328
2538 3210 2676 3291 sq.).

379 3347 454 3357 -—-
481 3311 637 3394 Iam,
681 3331 756 3376 ne
802 3313 1107 3395 epilogus
1153 3312 1261 3394 qui
1305 3330 1509 3375 meam
1554 3311 1751 3375 totius
1795 3329 2057 3375 scaenae
2100 3310 2681 3393 interpretationem

380 3412 786 3496 commendet,
833 3412 1232 3495 desideretur,
1277 3430 1447 3493 rogo,
1497 3430 1647 3475 num
1693 3410 1844 3475 haec
1888 3412 2193 3493 exquisita
2224 3411 2681 3493 quodammodo

379 3513 560 3592 rati0‚
607 3532 732 3596 qua
777 3513 1119 3596 Euripides,
1166 3512 1504 3577 artificium
1547 3511 1906 3593 excogitans
1943 3512 2121 3593 quasi
2151 3512 2679 3577 subauscultando

379 3633 415 3679 a
459 3615 686 3679 natura
732 3616 1072 3697 acceptum,
1141 3614 1337 3679 animi
1382 3612 1702 3678 muliebris
1758 3613 2083 3677 affectibus
2127 3613 2299 3677 vario
2345 3614 2529 3679 modo
2574 3614 2681 3679 de·-

377 3716 706 3798 pingendis
735 3716 965 3782 subtile
1009 3716 1260 3797 tegmen
1294 3716 1575 3797 quaerat,
1626 3714 1755 3778 eius
1800 3713 2051 3797 ingenio
2098 3714 2303 3778 minus
2336 3714 2529 3797 digna
2576 3716 2678 3799 sit,

379 3834 566 3899 quam
597 3817 649 3881 si
681 3816 918 3899 pingui,
963 3818 1036 3879 ut
1067 3815 1263 3894 aiunt,
1307 3815 1591 3879 Minerva
1635 3816 1956 3880 heroinam
1999 3813 2327 3880 manifesto
2374 3816 2437 3879 et
2465 3818 2679 3899 aperte

377 3916 457 3980 ad
501 3916 824 3981 libidinem
871 3917 1118 3999 raptam
1173 3916 1236 3980 et
1279 3915 1677 3997 praecipitem
1733 3915 1933 3980 latam
1985 3914 2304 3979 finxisset?
2397 3916 2492 3981 Ne
2540 3917 2680 3999 quis

375 4016 575 4100 igitur
636 4017 1001 4099 respondeat
1065 4034 1187 4081 non
1259 4016 1532 4098 potuisse
1600 4034 1910 4081 summam
1978 4016 2175 4081 totius
2236 4016 2597 4099 tragoediae
2641 4038 2678 4083 a

375 4118 558 4211 poeta
603 4119 894 4201 ambigue
941 4118 1279 4200 expositam
1345 4136 1490 4182 esse.
1598 4117 1714 4183 Cui
1778 4117 1843 4181 in
1898 4136 2085 4182 cavea
2142 4115 2462 4183 oculorum
2518 4118 2682 4183 30103

377 4238 501 4284 11011
549 4221 771 4284 obtusa
815 4220 966 4298 erat,
1030 4220 1085 4284 ei
1130 4220 1294 4285 certe
1337 4238 1460 4285 non
1513 4219 1578 4283 in
1626 4218 1920 4301 ambiguo
1976 4217 2461 4300 relinquebatur,
2529 4219 2680 4300 quid

375 4320 558 4404 poeta
602 4319 818 4398 vellet3
861 4321 1225 4404 praesertim
1267 4340 1408 4387 cum
1447 4320 1528 4385 ad
1571 4320 1851 4386 futurum
1900 4320 2189 4387 eventum
2230 4318 2676 4385 illustrandum
