<?xml version="1.0" encoding="UTF-8"?>
<!DOCTYPE html PUBLIC "-//W3C//DTD XHTML 1.0 Transitional//EN"
    "http://www.w3.org/TR/xhtml1/DTD/xhtml1-transitional.dtd">
<html xmlns="http://www.w3.org/1999/xhtml" xml:lang="en" lang="en">
 <head>
  <title>
</title>
<meta http-equiv="Content-Type" content="text/html;charset=utf-8" />
  <meta name='ocr-system' content='tesseract 3.04.00' />
  <meta name='ocr-capabilities' content='ocr_page ocr_carea ocr_par ocr_line ocrx_word'/>
</head>
<body>
  <div class='ocr_page' id='page_1' title='image "./dehippolytiseur02kalkgoog_0082.png"; bbox 0 0 3157 5028; ppageno 0'>
   <div class='ocr_carea' id='block_1_1' title="bbox 1658 363 1729 416">
    <p class='ocr_par' dir='ltr' id='par_1_1' title="bbox 1658 363 1729 416">
     <span class='ocr_line' id='line_1_1' title="bbox 1658 363 1729 416; baseline 0 0"><span class='ocrx_word' id='word_1_1' title='bbox 1658 363 1729 416; x_wconf 85' lang='grc'>78</span> 
     </span>
    </p>
   </div>
   <div class='ocr_carea' id='block_1_2' title="bbox 533 533 2853 2747">
    <p class='ocr_par' dir='ltr' id='par_1_2' title="bbox 533 533 2853 2747">
     <span class='ocr_line' id='line_1_2' title="bbox 539 533 2853 617; baseline -0.001 -18"><span class='ocrx_word' id='word_1_2' title='bbox 539 533 748 617; x_wconf 90' lang='lat' dir='ltr'>lepida</span> <span class='ocrx_word' id='word_1_3' title='bbox 791 553 866 600; x_wconf 92' lang='lat' dir='ltr'>ac</span> <span class='ocrx_word' id='word_1_4' title='bbox 907 534 1112 599; x_wconf 87' lang='lat' dir='ltr'>taetra</span> <span class='ocrx_word' id='word_1_5' title='bbox 1157 533 1346 600; x_wconf 90' lang='lat' dir='ltr'>simul</span> <span class='ocrx_word' id='word_1_6' title='bbox 1387 533 1666 616; x_wconf 80' lang='lat' dir='ltr'><strong>imagine</strong></span> <span class='ocrx_word' id='word_1_7' title='bbox 1708 533 1877 598; x_wconf 90' lang='lat' dir='ltr'>filiae</span> <span class='ocrx_word' id='word_1_8' title='bbox 1920 533 2001 599; x_wconf 89' lang='lat' dir='ltr'>ad</span> <span class='ocrx_word' id='word_1_9' title='bbox 2046 534 2284 615; x_wconf 86' lang='lat' dir='ltr'>patrem</span> <span class='ocrx_word' id='word_1_10' title='bbox 2342 533 2673 617; x_wconf 86' lang='lat' dir='ltr'>rogantem</span> <span class='ocrx_word' id='word_1_11' title='bbox 2716 550 2853 597; x_wconf 86' lang='lat' dir='ltr'>sese</span> 
     </span>
     <span class='ocr_line' id='line_1_3' title="bbox 542 633 2851 718; baseline -0.002 -17"><span class='ocrx_word' id='word_1_12' title='bbox 542 635 918 717; x_wconf 89' lang='lat' dir='ltr'>applicantis</span> <span class='ocrx_word' id='word_1_13' title='bbox 958 634 1232 700; x_wconf 86' lang='lat' dir='ltr'>suaviter</span> <span class='ocrx_word' id='word_1_14' title='bbox 1273 633 1647 699; x_wconf 86' lang='lat' dir='ltr'>blandiendo</span> <span class='ocrx_word' id='word_1_15' title='bbox 1692 634 2255 718; x_wconf 88' lang='lat' dir='ltr'>respondendoque‚</span> <span class='ocrx_word' id='word_1_16' title='bbox 2322 653 2388 699; x_wconf 91' lang='lat' dir='ltr'>se</span> <span class='ocrx_word' id='word_1_17' title='bbox 2432 635 2635 698; x_wconf 87' lang='lat' dir='ltr'>virum</span> <span class='ocrx_word' id='word_1_18' title='bbox 2682 633 2851 716; x_wconf 88' lang='lat' dir='ltr'>patri</span> 
     </span>
     <span class='ocr_line' id='line_1_4' title="bbox 541 736 2847 820; baseline -0.001 -17"><span class='ocrx_word' id='word_1_19' title='bbox 541 737 805 803; x_wconf 84' lang='lat' dir='ltr'><strong>similem</strong></span> <span class='ocrx_word' id='word_1_20' title='bbox 850 737 1065 819; x_wconf 85' lang='lat' dir='ltr'>optare</span> <span class='ocrx_word' id='word_1_21' title='bbox 1107 756 1165 802; x_wconf 86' lang='lat' dir='ltr'>v.</span> <span class='ocrx_word' id='word_1_22' title='bbox 1189 737 1360 802; x_wconf 70' lang='lat'>364?</span> <span class='ocrx_word' id='word_1_23' title='bbox 1427 736 1500 800; x_wconf 93' lang='lat' dir='ltr'>In</span> <span class='ocrx_word' id='word_1_24' title='bbox 1550 736 1775 820; x_wconf 89' lang='lat' dir='ltr'>quibus</span> <span class='ocrx_word' id='word_1_25' title='bbox 1820 738 2107 802; x_wconf 91' lang='lat' dir='ltr'>omnibus</span> <span class='ocrx_word' id='word_1_26' title='bbox 2155 756 2318 818; x_wconf 87' lang='lat' dir='ltr'>vero,</span> <span class='ocrx_word' id='word_1_27' title='bbox 2363 755 2439 802; x_wconf 90' lang='lat' dir='ltr'>ne</span> <span class='ocrx_word' id='word_1_28' title='bbox 2485 736 2847 819; x_wconf 76' lang='lat' dir='ltr'>caligemUS‚</span> 
     </span>
     <span class='ocr_line' id='line_1_5' title="bbox 539 835 2849 921; baseline -0.001 -19"><span class='ocrx_word' id='word_1_29' title='bbox 539 837 666 903; x_wconf 90' lang='lat' dir='ltr'>iam</span> <span class='ocrx_word' id='word_1_30' title='bbox 732 837 943 920; x_wconf 88' lang='lat' dir='ltr'>paullo</span> <span class='ocrx_word' id='word_1_31' title='bbox 1005 837 1193 903; x_wconf 91' lang='lat' dir='ltr'>altior</span> <span class='ocrx_word' id='word_1_32' title='bbox 1257 836 1488 921; x_wconf 87' lang='lat' dir='ltr'>indago</span> <span class='ocrx_word' id='word_1_33' title='bbox 1553 837 1900 920; x_wconf 85' lang='lat' dir='ltr'>flagitatur,</span> <span class='ocrx_word' id='word_1_34' title='bbox 1972 857 2121 902; x_wconf 91' lang='lat' dir='ltr'>num</span> <span class='ocrx_word' id='word_1_35' title='bbox 2171 837 2432 903; x_wconf 85' lang='lat' dir='ltr'>Ovidius</span> <span class='ocrx_word' id='word_1_36' title='bbox 2480 837 2547 900; x_wconf 88' lang='lat' dir='ltr'>in</span> <span class='ocrx_word' id='word_1_37' title='bbox 2590 835 2849 918; x_wconf 89' lang='lat' dir='ltr'>reliquis</span> 
     </span>
     <span class='ocr_line' id='line_1_6' title="bbox 541 937 2849 1021; baseline -0.001 -18"><span class='ocrx_word' id='word_1_38' title='bbox 541 938 922 1006; x_wconf 80' lang='lat' dir='ltr'>narrationis</span> <span class='ocrx_word' id='word_1_39' title='bbox 962 937 1243 1021; x_wconf 88' lang='lat' dir='ltr'>partibus</span> <span class='ocrx_word' id='word_1_40' title='bbox 1295 956 1435 1003; x_wconf 87' lang='lat' dir='ltr'>eum</span> <span class='ocrx_word' id='word_1_41' title='bbox 1488 958 1614 1004; x_wconf 90' lang='lat' dir='ltr'>uno</span> <span class='ocrx_word' id='word_1_42' title='bbox 1660 939 2057 1020; x_wconf 86' lang='lat' dir='ltr'>potissimum</span> <span class='ocrx_word' id='word_1_43' title='bbox 2105 940 2357 1004; x_wconf 88' lang='lat' dir='ltr'>nostrae</span> <span class='ocrx_word' id='word_1_44' title='bbox 2400 937 2649 1003; x_wconf 88' lang='lat' dir='ltr'>fabulae</span> <span class='ocrx_word' id='word_1_45' title='bbox 2698 954 2849 1001; x_wconf 88' lang='lat' dir='ltr'>auc-</span> 
     </span>
     <span class='ocr_line' id='line_1_7' title="bbox 540 1039 2565 1123; baseline -0.002 -16"><span class='ocrx_word' id='word_1_46' title='bbox 540 1043 676 1107; x_wconf 92' lang='lat' dir='ltr'>tore</span> <span class='ocrx_word' id='word_1_47' title='bbox 719 1041 1028 1123; x_wconf 77' lang='lat' dir='ltr'>conspiret</span> <span class='ocrx_word' id='word_1_48' title='bbox 1071 1041 1134 1105; x_wconf 91' lang='lat' dir='ltr'>et</span> <span class='ocrx_word' id='word_1_49' title='bbox 1176 1042 1484 1123; x_wconf 85' lang='lat' dir='ltr'>quatenus</span> <span class='ocrx_word' id='word_1_50' title='bbox 1526 1041 1607 1106; x_wconf 86' lang='lat' dir='ltr'>ab</span> <span class='ocrx_word' id='word_1_51' title='bbox 1650 1042 1959 1107; x_wconf 75' lang='lat' dir='ltr'>Antonini</span> <span class='ocrx_word' id='word_1_52' title='bbox 2003 1041 2257 1108; x_wconf 86' lang='lat' dir='ltr'>auctore</span> <span class='ocrx_word' id='word_1_53' title='bbox 2298 1039 2565 1106; x_wconf 79' lang='lat' dir='ltr'>recedat.</span> 
     </span>
     <span class='ocr_line' id='line_1_8' title="bbox 740 1140 2844 1226; baseline -0.001 -19"><span class='ocrx_word' id='word_1_54' title='bbox 740 1141 1041 1207; x_wconf 85' lang='lat' dir='ltr'>Exordior</span> <span class='ocrx_word' id='word_1_55' title='bbox 1099 1161 1137 1207; x_wconf 91' lang='lat' dir='ltr'>a</span> <span class='ocrx_word' id='word_1_56' title='bbox 1196 1143 1464 1207; x_wconf 89' lang='lat' dir='ltr'>nominis</span> <span class='ocrx_word' id='word_1_57' title='bbox 1527 1143 1862 1226; x_wconf 82' lang='lat' dir='ltr'>stirpisque</span> <span class='ocrx_word' id='word_1_58' title='bbox 1926 1144 2280 1209; x_wconf 81' lang='lat' dir='ltr'>recensione</span> <span class='ocrx_word' id='word_1_59' title='bbox 2343 1142 2609 1208; x_wconf 88' lang='lat' dir='ltr'>testibus</span> <span class='ocrx_word' id='word_1_60' title='bbox 2668 1140 2844 1205; x_wconf 83' lang='lat' dir='ltr'>iuxta</span> 
     </span>
     <span class='ocr_line' id='line_1_9' title="bbox 540 1241 2844 1328; baseline -0.002 -19"><span class='ocrx_word' id='word_1_61' title='bbox 540 1242 858 1326; x_wconf 84' lang='lat' dir='ltr'>ponendis.</span> <span class='ocrx_word' id='word_1_62' title='bbox 906 1243 1161 1326; x_wconf 81' lang='lat' dir='ltr'>Myrrha</span> <span class='ocrx_word' id='word_1_63' title='bbox 1207 1241 1472 1326; x_wconf 81' lang='lat' dir='ltr'>Cinyrae</span> <span class='ocrx_word' id='word_1_64' title='bbox 1517 1243 1887 1328; x_wconf 82' lang='lat' dir='ltr'>Cypriorum</span> <span class='ocrx_word' id='word_1_65' title='bbox 1929 1244 2095 1327; x_wconf 83' lang='lat' dir='ltr'>regis</span> <span class='ocrx_word' id='word_1_66' title='bbox 2139 1244 2297 1310; x_wconf 85' lang='lat' dir='ltr'>filia:</span> <span class='ocrx_word' id='word_1_67' title='bbox 2354 1243 2467 1309; x_wconf 71' lang='grc' dir='ltr'>θσ.</span> <span class='ocrx_word' id='word_1_68' title='bbox 2512 1242 2636 1306; x_wconf 89' lang='grc'>298</span> <span class='ocrx_word' id='word_1_69' title='bbox 2682 1260 2775 1325; x_wconf 89' lang='lat' dir='ltr'>sq.</span> <span class='ocrx_word' id='word_1_70' title='bbox 2806 1241 2844 1320; x_wconf 86' lang='lat'>¹,</span> 
     </span>
     <span class='ocr_line' id='line_1_10' title="bbox 539 1338 2841 1428; baseline -0.001 -18"><span class='ocrx_word' id='word_1_71' title='bbox 539 1344 709 1410; x_wconf 89' lang='lat' dir='ltr'>Serv.</span> <span class='ocrx_word' id='word_1_72' title='bbox 743 1345 927 1428; x_wconf 87' lang='lat' dir='ltr'>Verg.</span> <span class='ocrx_word' id='word_1_73' title='bbox 964 1344 1115 1409; x_wconf 90' lang='lat' dir='ltr'>Bue.</span> <span class='ocrx_word' id='word_1_74' title='bbox 1160 1343 1235 1422; x_wconf 87' lang='lat' dir='ltr'>X,</span> <span class='ocrx_word' id='word_1_75' title='bbox 1286 1346 1382 1409; x_wconf 88' lang='grc'>18.</span> <span class='ocrx_word' id='word_1_76' title='bbox 1471 1345 1676 1411; x_wconf 85' lang='lat' dir='ltr'>Mater</span> <span class='ocrx_word' id='word_1_77' title='bbox 1722 1345 2049 1411; x_wconf 80' lang='lat' dir='ltr'>Cenchreis</span> <span class='ocrx_word' id='word_1_78' title='bbox 2092 1347 2187 1410; x_wconf 90' lang='lat' dir='ltr'>est</span> <span class='ocrx_word' id='word_1_79' title='bbox 2216 1344 2441 1412; x_wconf 89' lang='lat' dir='ltr'>Ovidio</span> <span class='ocrx_word' id='word_1_80' title='bbox 2486 1338 2742 1409; x_wconf 83' lang='lat' dir='ltr'>auctore</span> <span class='ocrx_word' id='word_1_81' title='bbox 2784 1361 2841 1407; x_wconf 77' lang='lat' dir='ltr'>V.</span> 
     </span>
     <span class='ocr_line' id='line_1_11' title="bbox 539 1433 2840 1530; baseline -0 -21"><span class='ocrx_word' id='word_1_82' title='bbox 539 1445 682 1510; x_wconf 85' lang='lat'>435.</span> <span class='ocrx_word' id='word_1_83' title='bbox 730 1481 809 1490; x_wconf 93' lang='lat'>—</span> <span class='ocrx_word' id='word_1_84' title='bbox 851 1444 1108 1528; x_wconf 83' lang='lat' dir='ltr'>Myrrha</span> <span class='ocrx_word' id='word_1_85' title='bbox 1157 1433 1428 1530; x_wconf 82' lang='lat' dir='ltr'>Cinyrae</span> <span class='ocrx_word' id='word_1_86' title='bbox 1468 1445 1630 1510; x_wconf 87' lang='lat' dir='ltr'>filia:</span> <span class='ocrx_word' id='word_1_87' title='bbox 1676 1445 1845 1512; x_wconf 86' lang='lat' dir='ltr'>Serv.</span> <span class='ocrx_word' id='word_1_88' title='bbox 1881 1447 2067 1529; x_wconf 86' lang='lat' dir='ltr'>Verg.</span> <span class='ocrx_word' id='word_1_89' title='bbox 2118 1446 2271 1511; x_wconf 88' lang='lat' dir='ltr'>Aen.</span> <span class='ocrx_word' id='word_1_90' title='bbox 2316 1446 2394 1525; x_wconf 85' lang='lat' dir='ltr'>V,</span> <span class='ocrx_word' id='word_1_91' title='bbox 2440 1447 2520 1510; x_wconf 84' lang='lat'>72</span> <span class='ocrx_word' id='word_1_92' title='bbox 2543 1448 2588 1524; x_wconf 78' lang='lat'>²,</span> <span class='ocrx_word' id='word_1_93' title='bbox 2636 1443 2840 1510; x_wconf 89' lang='lat' dir='ltr'>Schol.</span> 
     </span>
     <span class='ocr_line' id='line_1_12' title="bbox 541 1545 2841 1631; baseline 0 -22"><span class='ocrx_word' id='word_1_94' title='bbox 541 1545 846 1612; x_wconf 84' lang='lat' dir='ltr'>Theocrit.</span> <span class='ocrx_word' id='word_1_95' title='bbox 871 1545 922 1620; x_wconf 91' lang='grc' dir='ltr'>Ι,</span> <span class='ocrx_word' id='word_1_96' title='bbox 957 1545 1096 1624; x_wconf 86' lang='grc'><strong>107,</strong></span> <span class='ocrx_word' id='word_1_97' title='bbox 1143 1546 1248 1612; x_wconf 89' lang='lat' dir='ltr'>ubi</span> <span class='ocrx_word' id='word_1_98' title='bbox 1272 1549 1472 1612; x_wconf 88' lang='lat' dir='ltr'>mater</span> <span class='ocrx_word' id='word_1_99' title='bbox 1497 1546 1763 1630; x_wconf 87' lang='lat' dir='ltr'>Smyrna</span> <span class='ocrx_word' id='word_1_100' title='bbox 1786 1547 2156 1630; x_wconf 91' lang='lat' dir='ltr'>appellatur.</span> <span class='ocrx_word' id='word_1_101' title='bbox 2180 1582 2249 1592; x_wconf 93' lang='lat'>—</span> <span class='ocrx_word' id='word_1_102' title='bbox 2274 1546 2531 1631; x_wconf 87' lang='lat' dir='ltr'>Myrrha</span> <span class='ocrx_word' id='word_1_103' title='bbox 2554 1545 2841 1611; x_wconf 83' lang='lat' dir='ltr'>Thiantis</span> 
     </span>
     <span class='ocr_line' id='line_1_13' title="bbox 538 1645 2840 1732; baseline 0 -21"><span class='ocrx_word' id='word_1_104' title='bbox 538 1647 699 1713; x_wconf 90' lang='lat' dir='ltr'>filia:</span> <span class='ocrx_word' id='word_1_105' title='bbox 768 1647 972 1713; x_wconf 87' lang='lat' dir='ltr'>Sehol.</span> <span class='ocrx_word' id='word_1_106' title='bbox 1018 1647 1318 1731; x_wconf 90' lang='lat' dir='ltr'>Lycophr.</span> <span class='ocrx_word' id='word_1_107' title='bbox 1363 1648 1538 1714; x_wconf 85' lang='lat' dir='ltr'>Alex.</span> <span class='ocrx_word' id='word_1_108' title='bbox 1599 1649 1741 1727; x_wconf 84' lang='lat'>828,</span> <span class='ocrx_word' id='word_1_109' title='bbox 1796 1648 2185 1731; x_wconf 89' lang='lat' dir='ltr'>Nicephorus</span> <span class='ocrx_word' id='word_1_110' title='bbox 2228 1647 2563 1732; x_wconf 79' lang='lat' dir='ltr'>Progymn.</span> <span class='ocrx_word' id='word_1_111' title='bbox 2632 1645 2840 1724; x_wconf 85' lang='lat' dir='ltr'>(Walz</span> 
     </span>
     <span class='ocr_line' id='line_1_14' title="bbox 539 1742 2839 1833; baseline -0.002 -18"><span class='ocrx_word' id='word_1_112' title='bbox 539 1750 722 1816; x_wconf 88' lang='lat' dir='ltr'>Rhet.</span> <span class='ocrx_word' id='word_1_113' title='bbox 770 1749 878 1816; x_wconf 82' lang='lat' dir='ltr'>Gr.</span> <span class='ocrx_word' id='word_1_114' title='bbox 924 1751 955 1814; x_wconf 98' lang='grc' dir='ltr'>Ι</span> <span class='ocrx_word' id='word_1_115' title='bbox 999 1770 1054 1833; x_wconf 91' lang='lat' dir='ltr'>p.</span> <span class='ocrx_word' id='word_1_116' title='bbox 1099 1750 1254 1825; x_wconf 76' lang='lat'>4293</span> <span class='ocrx_word' id='word_1_117' title='bbox 1297 1750 1430 1815; x_wconf 90' lang='lat' dir='ltr'>eod.</span> <span class='ocrx_word' id='word_1_118' title='bbox 1475 1742 1678 1830; x_wconf 76' lang='grc' dir='ltr'>Θόας)</span> <span class='ocrx_word' id='word_1_119' title='bbox 1702 1754 1747 1830; x_wconf 79' lang='lat'>⁸,</span> <span class='ocrx_word' id='word_1_120' title='bbox 1796 1748 2002 1815; x_wconf 90' lang='lat' dir='ltr'>Schol.</span> <span class='ocrx_word' id='word_1_121' title='bbox 2047 1750 2310 1833; x_wconf 91' lang='lat' dir='ltr'>Oppian.</span> <span class='ocrx_word' id='word_1_122' title='bbox 2355 1749 2693 1814; x_wconf 87' lang='lat' dir='ltr'>Halieutie.</span> <span class='ocrx_word' id='word_1_123' title='bbox 2727 1747 2839 1825; x_wconf 93' lang='grc' dir='ltr'>ΙΙΙ,</span> 
     </span>
     <span class='ocr_line' id='line_1_15' title="bbox 539 1850 2841 1936; baseline -0.001 -20"><span class='ocrx_word' id='word_1_124' title='bbox 539 1853 664 1917; x_wconf 88' lang='lat'>403</span> <span class='ocrx_word' id='word_1_125' title='bbox 724 1851 826 1936; x_wconf 86' lang='lat' dir='ltr'>(cf.</span> <span class='ocrx_word' id='word_1_126' title='bbox 872 1850 1072 1917; x_wconf 82' lang='lat' dir='ltr'>Greve</span> <span class='ocrx_word' id='word_1_127' title='bbox 1125 1851 1201 1916; x_wconf 86' lang='lat' dir='ltr'>de</span> <span class='ocrx_word' id='word_1_128' title='bbox 1244 1851 1526 1917; x_wconf 86' lang='lat' dir='ltr'>Adonide</span> <span class='ocrx_word' id='word_1_129' title='bbox 1592 1871 1651 1934; x_wconf 93' lang='lat' dir='ltr'>p.</span> <span class='ocrx_word' id='word_1_130' title='bbox 1696 1852 1783 1934; x_wconf 85' lang='lat'>5).</span> <span class='ocrx_word' id='word_1_131' title='bbox 1892 1851 2215 1936; x_wconf 81' lang='lat' dir='ltr'>Myrrham</span> <span class='ocrx_word' id='word_1_132' title='bbox 2276 1851 2539 1917; x_wconf 87' lang='lat' dir='ltr'>Nonnus</span> <span class='ocrx_word' id='word_1_133' title='bbox 2604 1867 2841 1936; x_wconf 73' lang='lat' dir='ltr'>semper</span> 
     </span>
     <span class='ocr_line' id='line_1_16' title="bbox 539 1951 2840 2038; baseline -0 -21"><span class='ocrx_word' id='word_1_134' title='bbox 539 1952 780 2018; x_wconf 89' lang='lat' dir='ltr'>Adonis</span> <span class='ocrx_word' id='word_1_135' title='bbox 821 1954 1089 2017; x_wconf 91' lang='lat' dir='ltr'>matrem</span> <span class='ocrx_word' id='word_1_136' title='bbox 1131 1953 1417 2018; x_wconf 91' lang='lat' dir='ltr'>nominat</span> <span class='ocrx_word' id='word_1_137' title='bbox 1463 1952 1570 2033; x_wconf 87' lang='lat' dir='ltr'>(cf.</span> <span class='ocrx_word' id='word_1_138' title='bbox 1619 1953 1870 2038; x_wconf 90' lang='lat' dir='ltr'>Dionys.</span> <span class='ocrx_word' id='word_1_139' title='bbox 1915 1953 1997 2035; x_wconf 90' lang='lat'>11,</span> <span class='ocrx_word' id='word_1_140' title='bbox 2030 1953 2169 2016; x_wconf 86' lang='lat'>151.</span> <span class='ocrx_word' id='word_1_141' title='bbox 2215 1952 2451 2036; x_wconf 89' lang='lat' dir='ltr'>XXIX,</span> <span class='ocrx_word' id='word_1_142' title='bbox 2484 1953 2603 2016; x_wconf 84' lang='lat'>135</span> <span class='ocrx_word' id='word_1_143' title='bbox 2650 1971 2699 2016; x_wconf 91' lang='lat' dir='ltr'>e.</span> <span class='ocrx_word' id='word_1_144' title='bbox 2734 1951 2840 2030; x_wconf 80' lang='lat' dir='ltr'>S.);</span> 
     </span>
     <span class='ocr_line' id='line_1_17' title="bbox 535 2052 2840 2138; baseline -0 -19"><span class='ocrx_word' id='word_1_145' title='bbox 535 2055 688 2119; x_wconf 90' lang='lat' dir='ltr'>item</span> <span class='ocrx_word' id='word_1_146' title='bbox 725 2053 1085 2137; x_wconf 90' lang='lat' dir='ltr'>Lycophron</span> <span class='ocrx_word' id='word_1_147' title='bbox 1115 2053 1291 2120; x_wconf 86' lang='lat' dir='ltr'>Alex.</span> <span class='ocrx_word' id='word_1_148' title='bbox 1333 2057 1477 2134; x_wconf 85' lang='lat'><strong>829,</strong></span> <span class='ocrx_word' id='word_1_149' title='bbox 1523 2055 1885 2138; x_wconf 89' lang='lat' dir='ltr'>Propertius</span> <span class='ocrx_word' id='word_1_150' title='bbox 1928 2054 2037 2133; x_wconf 91' lang='lat' dir='ltr'>IV,</span> <span class='ocrx_word' id='word_1_151' title='bbox 2073 2056 2168 2119; x_wconf 90' lang='lat'>19.</span> <span class='ocrx_word' id='word_1_152' title='bbox 2219 2055 2298 2119; x_wconf 87' lang='lat'>16</span> <span class='ocrx_word' id='word_1_153' title='bbox 2328 2055 2406 2118; x_wconf 93' lang='lat' dir='ltr'>H.</span> <span class='ocrx_word' id='word_1_154' title='bbox 2451 2089 2535 2099; x_wconf 89' lang='lat'>—</span> <span class='ocrx_word' id='word_1_155' title='bbox 2574 2052 2840 2135; x_wconf 86' lang='lat' dir='ltr'>Smyrna</span> 
     </span>
     <span class='ocr_line' id='line_1_18' title="bbox 539 2154 2840 2240; baseline -0.001 -19"><span class='ocrx_word' id='word_1_156' title='bbox 539 2155 801 2240; x_wconf 88' lang='lat' dir='ltr'>Cinyrae</span> <span class='ocrx_word' id='word_1_157' title='bbox 845 2155 1238 2238; x_wconf 90' lang='lat' dir='ltr'>Assyriorum</span> <span class='ocrx_word' id='word_1_158' title='bbox 1283 2157 1446 2239; x_wconf 86' lang='lat' dir='ltr'>regis</span> <span class='ocrx_word' id='word_1_159' title='bbox 1491 2157 1552 2220; x_wconf 88' lang='lat' dir='ltr'>et</span> <span class='ocrx_word' id='word_1_160' title='bbox 1600 2155 1993 2221; x_wconf 87' lang='lat' dir='ltr'>Cenchreidis</span> <span class='ocrx_word' id='word_1_161' title='bbox 2038 2156 2201 2222; x_wconf 84' lang='lat' dir='ltr'>filia:</span> <span class='ocrx_word' id='word_1_162' title='bbox 2246 2156 2479 2240; x_wconf 89' lang='lat' dir='ltr'>Hygin.</span> <span class='ocrx_word' id='word_1_163' title='bbox 2525 2155 2567 2220; x_wconf 89' lang='lat' dir='ltr'>f.</span> <span class='ocrx_word' id='word_1_164' title='bbox 2614 2157 2697 2220; x_wconf 85' lang='lat'>58</span> <span class='ocrx_word' id='word_1_165' title='bbox 2735 2154 2840 2235; x_wconf 88' lang='lat' dir='ltr'>(cf.</span> 
     </span>
     <span class='ocr_line' id='line_1_19' title="bbox 537 2255 2836 2340; baseline -0.001 -19"><span class='ocrx_word' id='word_1_166' title='bbox 537 2256 580 2321; x_wconf 90' lang='lat' dir='ltr'>f.</span> <span class='ocrx_word' id='word_1_167' title='bbox 606 2256 813 2336; x_wconf 82' lang='lat'>242)⁴.</span> <span class='ocrx_word' id='word_1_168' title='bbox 860 2255 1126 2340; x_wconf 87' lang='lat' dir='ltr'>Smyrna</span> <span class='ocrx_word' id='word_1_169' title='bbox 1171 2255 1440 2340; x_wconf 89' lang='lat' dir='ltr'>Cinyrae</span> <span class='ocrx_word' id='word_1_170' title='bbox 1486 2257 1641 2321; x_wconf 87' lang='lat' dir='ltr'>filia:</span> <span class='ocrx_word' id='word_1_171' title='bbox 1690 2257 1861 2322; x_wconf 87' lang='lat' dir='ltr'>Plut.</span> <span class='ocrx_word' id='word_1_172' title='bbox 1902 2257 2137 2322; x_wconf 87' lang='lat' dir='ltr'>Parall.</span> <span class='ocrx_word' id='word_1_173' title='bbox 2180 2258 2263 2320; x_wconf 84' lang='lat'>22</span> <span class='ocrx_word' id='word_1_174' title='bbox 2309 2257 2638 2337; x_wconf 90' lang='lat' dir='ltr'>(Stobaeus</span> <span class='ocrx_word' id='word_1_175' title='bbox 2670 2255 2836 2320; x_wconf 85' lang='lat' dir='ltr'>Flor.</span> 
     </span>
     <span class='ocr_line' id='line_1_20' title="bbox 539 2346 2837 2442; baseline -0.001 -20"><span class='ocrx_word' id='word_1_176' title='bbox 539 2358 637 2422; x_wconf 89' lang='lat'>64.</span> <span class='ocrx_word' id='word_1_177' title='bbox 683 2357 813 2436; x_wconf 87' lang='lat'>34).</span> <span class='ocrx_word' id='word_1_178' title='bbox 899 2358 1132 2423; x_wconf 84' lang='lat' dir='ltr'>Anton.</span> <span class='ocrx_word' id='word_1_179' title='bbox 1176 2357 1375 2422; x_wconf 86' lang='lat' dir='ltr'>Liber.</span> <span class='ocrx_word' id='word_1_180' title='bbox 1421 2356 1462 2421; x_wconf 91' lang='lat' dir='ltr'>l.</span> <span class='ocrx_word' id='word_1_181' title='bbox 1510 2358 1586 2423; x_wconf 88' lang='lat' dir='ltr'>l.:</span> <span class='ocrx_word' id='word_1_182' title='bbox 1668 2356 1981 2434; x_wconf 82' lang='grc' dir='ltr'><em>Θείαντος</em></span> <span class='ocrx_word' id='word_1_183' title='bbox 2033 2359 2152 2422; x_wconf 83' lang='grc' dir='ltr'>τοῦ</span> <span class='ocrx_word' id='word_1_184' title='bbox 2197 2351 2422 2442; x_wconf 81' lang='grc' dir='ltr'><em>Βήλου</em></span> <span class='ocrx_word' id='word_1_185' title='bbox 2485 2355 2593 2421; x_wconf 86' lang='grc' dir='ltr'>καὶ</span> <span class='ocrx_word' id='word_1_186' title='bbox 2640 2346 2837 2438; x_wconf 83' lang='grc' dir='ltr'><em>Ὠρει-</em></span> 
     </span>
     <span class='ocr_line' id='line_1_21' title="bbox 534 2448 2837 2545; baseline -0.001 -22"><span class='ocrx_word' id='word_1_187' title='bbox 534 2456 734 2536; x_wconf 73' lang='grc' dir='ltr'><strong><em>θυίας</em></strong></span> <span class='ocrx_word' id='word_1_188' title='bbox 773 2460 926 2542; x_wconf 83' lang='grc' dir='ltr'><strong><em>μιᾶς</em></strong></span> <span class='ocrx_word' id='word_1_189' title='bbox 977 2459 1109 2523; x_wconf 82' lang='grc' dir='ltr'>τῶν</span> <span class='ocrx_word' id='word_1_190' title='bbox 1161 2456 1440 2545; x_wconf 81' lang='grc' dir='ltr'><em>νυμφῶν</em></span> <span class='ocrx_word' id='word_1_191' title='bbox 1484 2452 1737 2542; x_wconf 74' lang='grc' dir='ltr'><strong><em>ἐγένετο</em></strong></span> <span class='ocrx_word' id='word_1_192' title='bbox 1783 2452 2078 2544; x_wconf 77' lang='grc' dir='ltr'><strong><em>θυγάτηρ</em></strong></span> <span class='ocrx_word' id='word_1_193' title='bbox 2126 2456 2193 2524; x_wconf 79' lang='grc' dir='ltr'>ἐν</span> <span class='ocrx_word' id='word_1_194' title='bbox 2234 2461 2329 2545; x_wconf 76' lang='grc' dir='ltr'>τῷ</span> <span class='ocrx_word' id='word_1_195' title='bbox 2382 2448 2525 2542; x_wconf 71' lang='grc' dir='ltr'><em>ὄρει</em></span> <span class='ocrx_word' id='word_1_196' title='bbox 2567 2459 2664 2544; x_wconf 76' lang='grc' dir='ltr'>τῷ</span> <span class='ocrx_word' id='word_1_197' title='bbox 2708 2461 2837 2522; x_wconf 87' lang='grc' dir='ltr'>Λι-</span> 
     </span>
     <span class='ocr_line' id='line_1_22' title="bbox 533 2554 2835 2646; baseline 0 -22"><span class='ocrx_word' id='word_1_198' title='bbox 533 2554 712 2646; x_wconf 81' lang='grc' dir='ltr'>βάνῳ</span> <span class='ocrx_word' id='word_1_199' title='bbox 753 2554 1015 2643; x_wconf 80' lang='grc' dir='ltr'><strong><em>Σμύρνα</em></strong></span> <span class='ocrx_word' id='word_1_200' title='bbox 1037 2564 1080 2626; x_wconf 83' lang='lat'>⁵.</span> <span class='ocrx_word' id='word_1_201' title='bbox 1155 2560 1434 2643; x_wconf 90' lang='lat' dir='ltr'>Denique</span> <span class='ocrx_word' id='word_1_202' title='bbox 1480 2561 1693 2626; x_wconf 86' lang='lat' dir='ltr'>Helvii</span> <span class='ocrx_word' id='word_1_203' title='bbox 1738 2560 1972 2627; x_wconf 90' lang='lat' dir='ltr'>Cinnae</span> <span class='ocrx_word' id='word_1_204' title='bbox 2017 2581 2253 2627; x_wconf 90' lang='lat' dir='ltr'>memor</span> <span class='ocrx_word' id='word_1_205' title='bbox 2292 2562 2397 2645; x_wconf 78' lang='lat' dir='ltr'>siS,</span> <span class='ocrx_word' id='word_1_206' title='bbox 2440 2560 2606 2643; x_wconf 90' lang='lat' dir='ltr'>apud</span> <span class='ocrx_word' id='word_1_207' title='bbox 2650 2579 2835 2644; x_wconf 89' lang='lat' dir='ltr'>quem</span> 
     </span>
     <span class='ocr_line' id='line_1_23' title="bbox 535 2662 2837 2747; baseline -0.001 -17"><span class='ocrx_word' id='word_1_208' title='bbox 535 2664 742 2746; x_wconf 87' lang='lat' dir='ltr'>puella</span> <span class='ocrx_word' id='word_1_209' title='bbox 781 2662 933 2728; x_wconf 91' lang='lat' dir='ltr'>item</span> <span class='ocrx_word' id='word_1_210' title='bbox 963 2662 1230 2745; x_wconf 88' lang='lat' dir='ltr'>Smyrna</span> <span class='ocrx_word' id='word_1_211' title='bbox 1277 2662 1373 2728; x_wconf 87' lang='lat' dir='ltr'>vel</span> <span class='ocrx_word' id='word_1_212' title='bbox 1404 2662 1675 2747; x_wconf 90' lang='lat' dir='ltr'>Zmyrna</span> <span class='ocrx_word' id='word_1_213' title='bbox 1718 2663 1897 2728; x_wconf 90' lang='lat' dir='ltr'>audit</span> <span class='ocrx_word' id='word_1_214' title='bbox 1909 2666 1953 2728; x_wconf 80' lang='lat'>⁶.</span> <span class='ocrx_word' id='word_1_215' title='bbox 1986 2698 2061 2711; x_wconf 86' lang='lat'>··-</span> <span class='ocrx_word' id='word_1_216' title='bbox 2096 2664 2169 2727; x_wconf 90' lang='lat' dir='ltr'>In</span> <span class='ocrx_word' id='word_1_217' title='bbox 2217 2662 2597 2728; x_wconf 86' lang='lat' dir='ltr'>nominanda</span> <span class='ocrx_word' id='word_1_218' title='bbox 2640 2662 2837 2743; x_wconf 86' lang='lat' dir='ltr'>igitur</span> 
     </span>
    </p>
   </div>
   <div class='ocr_carea' id='block_1_3' title="bbox 543 2815 940 2826">
    <p class='ocr_par' dir='ltr' id='par_1_3' title="bbox 543 2815 940 2826">
     <span class='ocr_line' id='line_1_24' title="bbox 543 2815 940 2826; baseline 0 0"><span class='ocrx_word' id='word_1_219' title='bbox 543 2815 940 2826; x_wconf 95' lang='lat' dir='ltr'> </span> 
     </span>
    </p>
   </div>
   <div class='ocr_carea' id='block_1_4' title="bbox 529 2896 2923 4470">
    <p class='ocr_par' dir='ltr' id='par_1_4' title="bbox 531 2896 2923 3406">
     <span class='ocr_line' id='line_1_25' title="bbox 737 2896 2833 2969; baseline 0.001 -19"><span class='ocrx_word' id='word_1_220' title='bbox 737 2898 757 2929; x_wconf 87' lang='lat'>¹</span> <span class='ocrx_word' id='word_1_221' title='bbox 795 2896 860 2950; x_wconf 90' lang='lat' dir='ltr'>In</span> <span class='ocrx_word' id='word_1_222' title='bbox 898 2897 1078 2967; x_wconf 88' lang='lat' dir='ltr'>Cypro</span> <span class='ocrx_word' id='word_1_223' title='bbox 1116 2914 1244 2951; x_wconf 91' lang='lat' dir='ltr'>eum</span> <span class='ocrx_word' id='word_1_224' title='bbox 1280 2915 1541 2969; x_wconf 82' lang='lat' dir='ltr'>regnasse</span> <span class='ocrx_word' id='word_1_225' title='bbox 1580 2898 1813 2955; x_wconf 85' lang='lat' dir='ltr'>Ovidius</span> <span class='ocrx_word' id='word_1_226' title='bbox 1847 2918 1961 2954; x_wconf 91' lang='lat' dir='ltr'>non</span> <span class='ocrx_word' id='word_1_227' title='bbox 1995 2916 2254 2969; x_wconf 85' lang='lat' dir='ltr'>expresse</span> <span class='ocrx_word' id='word_1_228' title='bbox 2281 2898 2509 2967; x_wconf 89' lang='lat' dir='ltr'>quidem</span> <span class='ocrx_word' id='word_1_229' title='bbox 2534 2898 2701 2968; x_wconf 81' lang='lat' dir='ltr'>dicit3</span> <span class='ocrx_word' id='word_1_230' title='bbox 2738 2898 2833 2953; x_wconf 84' lang='lat' dir='ltr'>sed</span> 
     </span>
     <span class='ocr_line' id='line_1_26' title="bbox 534 2985 2835 3058; baseline 0 -18"><span class='ocrx_word' id='word_1_231' title='bbox 534 3002 602 3040; x_wconf 83' lang='lat' dir='ltr'>ex</span> <span class='ocrx_word' id='word_1_232' title='bbox 640 2985 866 3040; x_wconf 84' lang='lat' dir='ltr'>silentio</span> <span class='ocrx_word' id='word_1_233' title='bbox 901 2986 1046 3040; x_wconf 87' lang='lat' dir='ltr'>hanc</span> <span class='ocrx_word' id='word_1_234' title='bbox 1081 2986 1605 3054; x_wconf 84' lang='lat' dir='ltr'>interpretationem</span> <span class='ocrx_word' id='word_1_235' title='bbox 1646 2988 1901 3058; x_wconf 84' lang='lat' dir='ltr'>colligas,</span> <span class='ocrx_word' id='word_1_236' title='bbox 1948 3005 2073 3042; x_wconf 88' lang='grc'><strong>611111</strong></span> <span class='ocrx_word' id='word_1_237' title='bbox 2112 2991 2279 3041; x_wconf 88' lang='lat' dir='ltr'>antea</span> <span class='ocrx_word' id='word_1_238' title='bbox 2315 2986 2385 3040; x_wconf 89' lang='lat' dir='ltr'>de</span> <span class='ocrx_word' id='word_1_239' title='bbox 2421 2986 2528 3041; x_wconf 88' lang='lat' dir='ltr'>hac</span> <span class='ocrx_word' id='word_1_240' title='bbox 2562 2987 2745 3041; x_wconf 86' lang='lat' dir='ltr'>insula</span> <span class='ocrx_word' id='word_1_241' title='bbox 2779 2990 2835 3041; x_wconf 86' lang='lat' dir='ltr'>et</span> 
     </span>
     <span class='ocr_line' id='line_1_27' title="bbox 532 3072 2831 3145; baseline 0 -19"><span class='ocrx_word' id='word_1_242' title='bbox 532 3072 603 3127; x_wconf 89' lang='lat' dir='ltr'>de</span> <span class='ocrx_word' id='word_1_243' title='bbox 638 3072 852 3142; x_wconf 90' lang='lat' dir='ltr'>Paphio</span> <span class='ocrx_word' id='word_1_244' title='bbox 888 3073 1057 3127; x_wconf 83' lang='grc'><strong>116106</strong></span> <span class='ocrx_word' id='word_1_245' title='bbox 1089 3073 1308 3128; x_wconf 84' lang='lat' dir='ltr'>locutus</span> <span class='ocrx_word' id='word_1_246' title='bbox 1347 3073 1437 3127; x_wconf 89' lang='lat' dir='ltr'>sit.</span> <span class='ocrx_word' id='word_1_247' title='bbox 1534 3074 1789 3143; x_wconf 85' lang='lat' dir='ltr'>Accedit,</span> <span class='ocrx_word' id='word_1_248' title='bbox 1841 3076 1995 3144; x_wconf 90' lang='lat' dir='ltr'>quod</span> <span class='ocrx_word' id='word_1_249' title='bbox 2031 3094 2084 3130; x_wconf 84' lang='lat' dir='ltr'>v.</span> <span class='ocrx_word' id='word_1_250' title='bbox 2124 3076 2229 3128; x_wconf 85' lang='grc'>299</span> <span class='ocrx_word' id='word_1_251' title='bbox 2265 3074 2571 3129; x_wconf 85' lang='lat' dir='ltr'>denotatur</span> <span class='ocrx_word' id='word_1_252' title='bbox 2606 3092 2831 3145; x_wconf 88' lang='lat' dir='ltr'>prover·</span> 
     </span>
     <span class='ocr_line' id='line_1_28' title="bbox 531 3154 2923 3234; baseline 0.001 -19"><span class='ocrx_word' id='word_1_253' title='bbox 531 3161 689 3216; x_wconf 88' lang='lat' dir='ltr'>bium</span> <span class='ocrx_word' id='word_1_254' title='bbox 725 3162 867 3216; x_wconf 89' lang='lat' dir='ltr'>illud</span> <span class='ocrx_word' id='word_1_255' title='bbox 886 3168 952 3215; x_wconf 75' lang='lat' dir='ltr'>Ka</span> <span class='ocrx_word' id='word_1_256' title='bbox 960 3154 1022 3214; x_wconf 81' lang='grc' dir='ltr'>νί</span> <span class='ocrx_word' id='word_1_257' title='bbox 1024 3180 1122 3229; x_wconf 74' lang='lat' dir='ltr'>pov</span> <span class='ocrx_word' id='word_1_258' title='bbox 1146 3156 1544 3231; x_wconf 80' lang='grc' dir='ltr'><strong><em>πλουσιώτερος</em></strong></span> <span class='ocrx_word' id='word_1_259' title='bbox 1580 3163 1653 3217; x_wconf 88' lang='lat' dir='ltr'>ad</span> <span class='ocrx_word' id='word_1_260' title='bbox 1690 3163 2024 3234; x_wconf 86' lang='lat' dir='ltr'>Cypriorum</span> <span class='ocrx_word' id='word_1_261' title='bbox 2059 3181 2251 3234; x_wconf 87' lang='lat' dir='ltr'>regem</span> <span class='ocrx_word' id='word_1_262' title='bbox 2287 3164 2528 3218; x_wconf 88' lang='lat' dir='ltr'>relatum</span> <span class='ocrx_word' id='word_1_263' title='bbox 2568 3160 2665 3230; x_wconf 84' lang='lat' dir='ltr'>(ef.</span> <span class='ocrx_word' id='word_1_264' title='bbox 2701 3162 2830 3217; x_wconf 90' lang='lat' dir='ltr'>Par·</span> <span class='ocrx_word' id='word_1_265' title='bbox 2916 3222 2923 3229; x_wconf 49' lang='grc'>,</span> 
     </span>
     <span class='ocr_line' id='line_1_29' title="bbox 532 3248 2830 3353; baseline -0.001 -48"><span class='ocrx_word' id='word_1_266' title='bbox 532 3250 797 3320; x_wconf 85' lang='lat' dir='ltr'>oemiogr.</span> <span class='ocrx_word' id='word_1_267' title='bbox 835 3249 1092 3319; x_wconf 88' lang='lat' dir='ltr'>Append.</span> <span class='ocrx_word' id='word_1_268' title='bbox 1139 3248 1235 3319; x_wconf 91' lang='lat' dir='ltr'>IV,</span> <span class='ocrx_word' id='word_1_269' title='bbox 1273 3251 1358 3303; x_wconf 89' lang='grc'>68.</span> <span class='ocrx_word' id='word_1_270' title='bbox 1435 3249 1600 3305; x_wconf 90' lang='lat' dir='ltr'>Schn.</span> <span class='ocrx_word' id='word_1_271' title='bbox 1657 3256 1715 3307; x_wconf 85' lang='lat' dir='ltr'>et</span> <span class='ocrx_word' id='word_1_272' title='bbox 1751 3252 1815 3305; x_wconf 91' lang='lat' dir='ltr'>L.</span> <span class='ocrx_word' id='word_1_273' title='bbox 1853 3252 1881 3305; x_wconf 94' lang='grc' dir='ltr'>Ι</span> <span class='ocrx_word' id='word_1_274' title='bbox 1931 3270 1985 3322; x_wconf 90' lang='lat' dir='ltr'>p.</span> <span class='ocrx_word' id='word_1_275' title='bbox 2024 3253 2163 3307; x_wconf 82' lang='lat'>450.</span> <span class='ocrx_word' id='word_1_276' title='bbox 2204 3252 2515 3353; x_wconf 83' lang='lat' dir='ltr'>Diogenian</span> <span class='ocrx_word' id='word_1_277' title='bbox 2551 3250 2703 3321; x_wconf 88' lang='lat' dir='ltr'><strong>VIII,</strong></span> <span class='ocrx_word' id='word_1_278' title='bbox 2750 3252 2830 3304; x_wconf 83' lang='lat'>53.</span> 
     </span>
     <span class='ocr_line' id='line_1_30' title="bbox 532 3336 1239 3406; baseline -0.001 -15"><span class='ocrx_word' id='word_1_279' title='bbox 532 3336 696 3392; x_wconf 86' lang='lat' dir='ltr'>Schn.</span> <span class='ocrx_word' id='word_1_280' title='bbox 737 3340 794 3391; x_wconf 91' lang='lat' dir='ltr'>et</span> <span class='ocrx_word' id='word_1_281' title='bbox 834 3336 896 3391; x_wconf 91' lang='lat' dir='ltr'>L.</span> <span class='ocrx_word' id='word_1_282' title='bbox 935 3336 964 3390; x_wconf 96' lang='lat' dir='ltr'>I</span> <span class='ocrx_word' id='word_1_283' title='bbox 1000 3354 1054 3405; x_wconf 91' lang='lat' dir='ltr'>p.</span> <span class='ocrx_word' id='word_1_284' title='bbox 1093 3336 1239 3406; x_wconf 84' lang='grc'><strong>316).</strong></span> 
     </span>
    </p>

    <p class='ocr_par' dir='ltr' id='par_1_5' title="bbox 531 3423 2829 3585">
     <span class='ocr_line' id='line_1_31' title="bbox 733 3423 2829 3499; baseline 0 -20"><span class='ocrx_word' id='word_1_285' title='bbox 733 3426 755 3458; x_wconf 78' lang='lat'>²</span> <span class='ocrx_word' id='word_1_286' title='bbox 791 3425 883 3488; x_wconf 79' lang='lat' dir='ltr'>Ab</span> <span class='ocrx_word' id='word_1_287' title='bbox 923 3426 1029 3499; x_wconf 86' lang='lat' dir='ltr'>hoc</span> <span class='ocrx_word' id='word_1_288' title='bbox 1064 3423 1245 3479; x_wconf 87' lang='lat' dir='ltr'>Servii</span> <span class='ocrx_word' id='word_1_289' title='bbox 1285 3426 1407 3480; x_wconf 89' lang='lat' dir='ltr'>loco</span> <span class='ocrx_word' id='word_1_290' title='bbox 1445 3428 1697 3496; x_wconf 88' lang='lat' dir='ltr'>pendent</span> <span class='ocrx_word' id='word_1_291' title='bbox 1727 3428 1925 3483; x_wconf 84' lang='lat' dir='ltr'>breves</span> <span class='ocrx_word' id='word_1_292' title='bbox 1951 3428 2410 3483; x_wconf 84' lang='lat' dir='ltr'>narratiunculae</span> <span class='ocrx_word' id='word_1_293' title='bbox 2433 3425 2829 3497; x_wconf 82' lang='lat' dir='ltr'>Mythograph.</span> 
     </span>
     <span class='ocr_line' id='line_1_32' title="bbox 531 3513 1594 3585; baseline -0.001 -15"><span class='ocrx_word' id='word_1_294' title='bbox 531 3514 711 3570; x_wconf 89' lang='lat' dir='ltr'>Vatic.</span> <span class='ocrx_word' id='word_1_295' title='bbox 750 3513 794 3579; x_wconf 90' lang='grc' dir='ltr'>Ι,</span> <span class='ocrx_word' id='word_1_296' title='bbox 834 3516 956 3569; x_wconf 89' lang='grc'>200.</span> <span class='ocrx_word' id='word_1_297' title='bbox 993 3513 1061 3580; x_wconf 88' lang='lat'>11,</span> <span class='ocrx_word' id='word_1_298' title='bbox 1101 3515 1185 3567; x_wconf 81' lang='lat'>34.</span> <span class='ocrx_word' id='word_1_299' title='bbox 1222 3513 1325 3582; x_wconf 90' lang='lat'>111,</span> <span class='ocrx_word' id='word_1_300' title='bbox 1367 3518 1428 3568; x_wconf 92' lang='lat'>11</span> <span class='ocrx_word' id='word_1_301' title='bbox 1467 3515 1594 3585; x_wconf 88' lang='lat'>(17).</span> 
     </span>
    </p>

    <p class='ocr_par' dir='ltr' id='par_1_6' title="bbox 529 3602 2830 3747">
     <span class='ocr_line' id='line_1_33' title="bbox 733 3602 2830 3674; baseline 0 -17"><span class='ocrx_word' id='word_1_302' title='bbox 733 3602 756 3633; x_wconf 79' lang='lat'><strong>⁸</strong></span> <span class='ocrx_word' id='word_1_303' title='bbox 792 3602 1164 3671; x_wconf 85' lang='lat' dir='ltr'>Nicephorum</span> <span class='ocrx_word' id='word_1_304' title='bbox 1218 3603 1290 3658; x_wconf 86' lang='lat' dir='ltr'>ad</span> <span class='ocrx_word' id='word_1_305' title='bbox 1330 3607 1519 3673; x_wconf 86' lang='lat' dir='ltr'>partes</span> <span class='ocrx_word' id='word_1_306' title='bbox 1571 3622 1731 3674; x_wconf 84' lang='lat' dir='ltr'>voc0,</span> <span class='ocrx_word' id='word_1_307' title='bbox 1789 3606 1922 3674; x_wconf 90' lang='lat' dir='ltr'>quia</span> <span class='ocrx_word' id='word_1_308' title='bbox 1962 3604 2266 3660; x_wconf 87' lang='lat' dir='ltr'>verisimile</span> <span class='ocrx_word' id='word_1_309' title='bbox 2309 3607 2393 3659; x_wconf 88' lang='lat' dir='ltr'>est</span> <span class='ocrx_word' id='word_1_310' title='bbox 2430 3621 2558 3659; x_wconf 88' lang='lat' dir='ltr'>eum</span> <span class='ocrx_word' id='word_1_311' title='bbox 2597 3620 2668 3658; x_wconf 87' lang='lat' dir='ltr'>ex</span> <span class='ocrx_word' id='word_1_312' title='bbox 2702 3604 2830 3658; x_wconf 83' lang='lat' dir='ltr'>Ale-</span> 
     </span>
     <span class='ocr_line' id='line_1_34' title="bbox 529 3691 2480 3747; baseline 0 -2"><span class='ocrx_word' id='word_1_313' title='bbox 529 3691 807 3747; x_wconf 85' lang='lat' dir='ltr'>xandrino</span> <span class='ocrx_word' id='word_1_314' title='bbox 846 3691 1004 3745; x_wconf 89' lang='lat' dir='ltr'>fonte</span> <span class='ocrx_word' id='word_1_315' title='bbox 1039 3691 1305 3746; x_wconf 85' lang='lat' dir='ltr'>hausisse.</span> <span class='ocrx_word' id='word_1_316' title='bbox 2472 3704 2480 3710; x_wconf 86' lang='lat'><strong>·</strong></span> 
     </span>
    </p>

    <p class='ocr_par' dir='ltr' id='par_1_7' title="bbox 529 3779 2832 4025">
     <span class='ocr_line' id='line_1_35' title="bbox 733 3779 2832 3851; baseline 0.002 -18"><span class='ocrx_word' id='word_1_317' title='bbox 733 3783 755 3813; x_wconf 77' lang='lat'><strong>⁴</strong></span> <span class='ocrx_word' id='word_1_318' title='bbox 794 3779 981 3834; x_wconf 89' lang='lat' dir='ltr'>Sciens</span> <span class='ocrx_word' id='word_1_319' title='bbox 1019 3780 1219 3833; x_wconf 85' lang='lat' dir='ltr'>omitto</span> <span class='ocrx_word' id='word_1_320' title='bbox 1257 3780 1468 3851; x_wconf 85' lang='lat' dir='ltr'>Hygini</span> <span class='ocrx_word' id='word_1_321' title='bbox 1504 3780 1756 3836; x_wconf 88' lang='lat' dir='ltr'>fabulam</span> <span class='ocrx_word' id='word_1_322' title='bbox 1799 3785 1914 3837; x_wconf 84' lang='lat'>164.</span> <span class='ocrx_word' id='word_1_323' title='bbox 1975 3781 2136 3850; x_wconf 78' lang='lat' dir='ltr'>Quod</span> <span class='ocrx_word' id='word_1_324' title='bbox 2160 3782 2241 3836; x_wconf 88' lang='lat' dir='ltr'>ibi</span> <span class='ocrx_word' id='word_1_325' title='bbox 2268 3782 2337 3835; x_wconf 91' lang='lat' dir='ltr'>de</span> <span class='ocrx_word' id='word_1_326' title='bbox 2361 3782 2595 3851; x_wconf 85' lang='lat' dir='ltr'>Myrrha</span> <span class='ocrx_word' id='word_1_327' title='bbox 2614 3814 2681 3822; x_wconf 96' lang='lat'>—</span> <span class='ocrx_word' id='word_1_328' title='bbox 2702 3801 2832 3837; x_wconf 84' lang='lat' dir='ltr'>nam</span> 
     </span>
     <span class='ocr_line' id='line_1_36' title="bbox 529 3868 2832 3941; baseline 0.001 -19"><span class='ocrx_word' id='word_1_329' title='bbox 529 3868 610 3923; x_wconf 73' lang='grc'>116</span> <span class='ocrx_word' id='word_1_330' title='bbox 646 3868 970 3923; x_wconf 84' lang='lat' dir='ltr'>nominatur</span> <span class='ocrx_word' id='word_1_331' title='bbox 1008 3898 1075 3906; x_wconf 96' lang='lat'>—</span> <span class='ocrx_word' id='word_1_332' title='bbox 1109 3868 1374 3937; x_wconf 85' lang='lat' dir='ltr'>traditur,</span> <span class='ocrx_word' id='word_1_333' title='bbox 1414 3886 1483 3923; x_wconf 82' lang='lat' dir='ltr'>ex</span> <span class='ocrx_word' id='word_1_334' title='bbox 1520 3868 1821 3939; x_wconf 86' lang='lat' dir='ltr'>Fulgentio</span> <span class='ocrx_word' id='word_1_335' title='bbox 1858 3870 1959 3939; x_wconf 91' lang='grc' dir='ltr'>ΠΙ,</span> <span class='ocrx_word' id='word_1_336' title='bbox 1999 3872 2033 3925; x_wconf 89' lang='grc'><strong>8</strong></span> <span class='ocrx_word' id='word_1_337' title='bbox 2068 3871 2291 3941; x_wconf 88' lang='lat' dir='ltr'>Hygino</span> <span class='ocrx_word' id='word_1_338' title='bbox 2328 3876 2577 3925; x_wconf 87' lang='lat' dir='ltr'>assutum</span> <span class='ocrx_word' id='word_1_339' title='bbox 2613 3876 2723 3940; x_wconf 86' lang='lat' dir='ltr'>est3</span> <span class='ocrx_word' id='word_1_340' title='bbox 2763 3871 2832 3927; x_wconf 86' lang='lat' dir='ltr'>cf.</span> 
     </span>
     <span class='ocr_line' id='line_1_37' title="bbox 529 3956 1285 4025; baseline 0 -15"><span class='ocrx_word' id='word_1_341' title='bbox 529 3956 604 4010; x_wconf 88' lang='lat' dir='ltr'>M.</span> <span class='ocrx_word' id='word_1_342' title='bbox 645 3956 941 4011; x_wconf 87' lang='lat' dir='ltr'>Schmidtii</span> <span class='ocrx_word' id='word_1_343' title='bbox 980 3956 1064 4011; x_wconf 90' lang='lat' dir='ltr'>ed.</span> <span class='ocrx_word' id='word_1_344' title='bbox 1104 3973 1157 4025; x_wconf 91' lang='lat' dir='ltr'>p.</span> <span class='ocrx_word' id='word_1_345' title='bbox 1203 3958 1285 4010; x_wconf 88' lang='grc'>18.</span> 
     </span>
    </p>

    <p class='ocr_par' dir='ltr' id='par_1_8' title="bbox 530 4044 2830 4381">
     <span class='ocr_line' id='line_1_38' title="bbox 733 4044 2830 4104; baseline 0.003 -6"><span class='ocrx_word' id='word_1_346' title='bbox 733 4046 755 4077; x_wconf 80' lang='lat'>⁵</span> <span class='ocrx_word' id='word_1_347' title='bbox 792 4044 1009 4099; x_wconf 88' lang='lat' dir='ltr'>Fanum</span> <span class='ocrx_word' id='word_1_348' title='bbox 1045 4044 1277 4099; x_wconf 89' lang='lat' dir='ltr'>Veneris</span> <span class='ocrx_word' id='word_1_349' title='bbox 1326 4044 1384 4098; x_wconf 89' lang='lat' dir='ltr'>in</span> <span class='ocrx_word' id='word_1_350' title='bbox 1430 4044 1652 4100; x_wconf 87' lang='lat' dir='ltr'>Libano</span> <span class='ocrx_word' id='word_1_351' title='bbox 1707 4051 1898 4101; x_wconf 85' lang='lat' dir='ltr'>monte</span> <span class='ocrx_word' id='word_1_352' title='bbox 1943 4064 1977 4101; x_wconf 85' lang='lat' dir='ltr'>a</span> <span class='ocrx_word' id='word_1_353' title='bbox 2022 4047 2263 4102; x_wconf 86' lang='lat' dir='ltr'>Thiante</span> <span class='ocrx_word' id='word_1_354' title='bbox 2320 4047 2531 4101; x_wconf 89' lang='lat' dir='ltr'>factum</span> <span class='ocrx_word' id='word_1_355' title='bbox 2584 4049 2830 4104; x_wconf 85' lang='lat' dir='ltr'>&#39;comme-</span> 
     </span>
     <span class='ocr_line' id='line_1_39' title="bbox 531 4132 2829 4206; baseline 0.003 -22"><span class='ocrx_word' id='word_1_356' title='bbox 531 4135 716 4186; x_wconf 84' lang='lat' dir='ltr'>morat</span> <span class='ocrx_word' id='word_1_357' title='bbox 751 4132 1032 4188; x_wconf 88' lang='lat' dir='ltr'>Lucianus</span> <span class='ocrx_word' id='word_1_358' title='bbox 1071 4132 1214 4202; x_wconf 91' lang='lat' dir='ltr'>(Syr.</span> <span class='ocrx_word' id='word_1_359' title='bbox 1243 4132 1312 4185; x_wconf 92' lang='lat' dir='ltr'>D.</span> <span class='ocrx_word' id='word_1_360' title='bbox 1351 4132 1422 4202; x_wconf 88' lang='lat'>9),</span> <span class='ocrx_word' id='word_1_361' title='bbox 1461 4134 1558 4201; x_wconf 89' lang='lat' dir='ltr'>qui</span> <span class='ocrx_word' id='word_1_362' title='bbox 1597 4133 1657 4187; x_wconf 90' lang='lat' dir='ltr'>in</span> <span class='ocrx_word' id='word_1_363' title='bbox 1694 4134 1840 4189; x_wconf 93' lang='lat' dir='ltr'>libro</span> <span class='ocrx_word' id='word_1_364' title='bbox 1878 4135 1947 4190; x_wconf 91' lang='lat' dir='ltr'>de</span> <span class='ocrx_word' id='word_1_365' title='bbox 1988 4136 2286 4191; x_wconf 90' lang='lat' dir='ltr'>saltatione</span> <span class='ocrx_word' id='word_1_366' title='bbox 2323 4137 2392 4206; x_wconf 89' lang='grc'>(6.</span> <span class='ocrx_word' id='word_1_367' title='bbox 2420 4138 2513 4205; x_wconf 86' lang='grc'>58)</span> <span class='ocrx_word' id='word_1_368' title='bbox 2540 4137 2829 4206; x_wconf 87' lang='lat' dir='ltr'>Myrrham</span> 
     </span>
     <span class='ocr_line' id='line_1_40' title="bbox 530 4215 2829 4295; baseline 0.002 -22"><span class='ocrx_word' id='word_1_369' title='bbox 530 4220 592 4273; x_wconf 73' lang='grc' dir='ltr'>ἐν</span> <span class='ocrx_word' id='word_1_370' title='bbox 625 4225 854 4294; x_wconf 74' lang='grc' dir='ltr'><strong><em>Φοινίκῃ</em></strong></span> <span class='ocrx_word' id='word_1_371' title='bbox 888 4222 1044 4275; x_wconf 87' lang='lat' dir='ltr'>dicit.</span> <span class='ocrx_word' id='word_1_372' title='bbox 1117 4220 1324 4288; x_wconf 85' lang='lat' dir='ltr'>Byblos</span> <span class='ocrx_word' id='word_1_373' title='bbox 1361 4221 1496 4275; x_wconf 83' lang='lat' dir='ltr'>urbs</span> <span class='ocrx_word' id='word_1_374' title='bbox 1534 4215 1771 4291; x_wconf 80' lang='grc' dir='ltr'><em>Μύρρας</em></span> <span class='ocrx_word' id='word_1_375' title='bbox 1806 4218 1941 4276; x_wconf 73' lang='grc' dir='ltr'><em>ἄστυ</em></span> <span class='ocrx_word' id='word_1_376' title='bbox 1977 4228 2213 4279; x_wconf 84' lang='lat' dir='ltr'>vocatur</span> <span class='ocrx_word' id='word_1_377' title='bbox 2267 4223 2471 4293; x_wconf 91' lang='lat' dir='ltr'>(Schol.</span> <span class='ocrx_word' id='word_1_378' title='bbox 2508 4224 2639 4294; x_wconf 86' lang='lat' dir='ltr'>Lyc.</span> <span class='ocrx_word' id='word_1_379' title='bbox 2679 4226 2715 4278; x_wconf 89' lang='lat'>1.</span> <span class='ocrx_word' id='word_1_380' title='bbox 2755 4222 2829 4295; x_wconf 90' lang='grc'><strong>1.),</strong></span> 
     </span>
     <span class='ocr_line' id='line_1_41' title="bbox 530 4308 2385 4381; baseline 0.002 -18"><span class='ocrx_word' id='word_1_381' title='bbox 530 4308 685 4363; x_wconf 87' lang='lat' dir='ltr'>cuius</span> <span class='ocrx_word' id='word_1_382' title='bbox 719 4326 839 4378; x_wconf 84' lang='lat' dir='ltr'>rex,</span> <span class='ocrx_word' id='word_1_383' title='bbox 877 4310 926 4363; x_wconf 88' lang='lat' dir='ltr'>si</span> <span class='ocrx_word' id='word_1_384' title='bbox 964 4309 1295 4364; x_wconf 88' lang='lat' dir='ltr'>Strabonem</span> <span class='ocrx_word' id='word_1_385' title='bbox 1334 4309 1505 4379; x_wconf 88' lang='lat' dir='ltr'>(XVI,</span> <span class='ocrx_word' id='word_1_386' title='bbox 1541 4310 1670 4379; x_wconf 81' lang='lat'>755)</span> <span class='ocrx_word' id='word_1_387' title='bbox 1707 4311 1880 4377; x_wconf 87' lang='lat' dir='ltr'>audis,</span> <span class='ocrx_word' id='word_1_388' title='bbox 1920 4312 2150 4381; x_wconf 88' lang='lat' dir='ltr'>Cinyras</span> <span class='ocrx_word' id='word_1_389' title='bbox 2180 4313 2385 4367; x_wconf 71' lang='lat' dir='ltr'>fertur.</span> 
     </span>
    </p>

    <p class='ocr_par' dir='ltr' id='par_1_9' title="bbox 732 4397 2823 4470">
     <span class='ocr_line' id='line_1_42' title="bbox 732 4397 2823 4470; baseline 0.002 -19"><span class='ocrx_word' id='word_1_390' title='bbox 732 4398 754 4429; x_wconf 79' lang='lat'>⁶</span> <span class='ocrx_word' id='word_1_391' title='bbox 793 4397 875 4451; x_wconf 85' lang='lat' dir='ltr'>Cf.</span> <span class='ocrx_word' id='word_1_392' title='bbox 912 4397 1127 4452; x_wconf 89' lang='lat' dir='ltr'>Weich.</span> <span class='ocrx_word' id='word_1_393' title='bbox 1172 4397 1326 4451; x_wconf 90' lang='lat' dir='ltr'>Poet.</span> <span class='ocrx_word' id='word_1_394' title='bbox 1369 4397 1496 4452; x_wconf 88' lang='lat' dir='ltr'>Lat.</span> <span class='ocrx_word' id='word_1_395' title='bbox 1543 4398 1680 4454; x_wconf 88' lang='lat' dir='ltr'>Min.</span> <span class='ocrx_word' id='word_1_396' title='bbox 1731 4417 1786 4470; x_wconf 90' lang='lat' dir='ltr'>p.</span> <span class='ocrx_word' id='word_1_397' title='bbox 1832 4402 1933 4453; x_wconf 90' lang='grc'>168</span> <span class='ocrx_word' id='word_1_398' title='bbox 1968 4418 2051 4469; x_wconf 84' lang='lat' dir='ltr'>sq.</span> <span class='ocrx_word' id='word_1_399' title='bbox 2109 4430 2174 4439; x_wconf 95' lang='lat'><strong>—</strong></span> <span class='ocrx_word' id='word_1_400' title='bbox 2230 4402 2333 4455; x_wconf 90' lang='lat' dir='ltr'>His</span> <span class='ocrx_word' id='word_1_401' title='bbox 2388 4400 2534 4456; x_wconf 88' lang='lat' dir='ltr'>addo</span> <span class='ocrx_word' id='word_1_402' title='bbox 2580 4401 2823 4456; x_wconf 91' lang='lat' dir='ltr'>Probum</span> 
     </span>
    </p>
   </div>
   <div class='ocr_carea' id='block_1_5' title="bbox 3114 3210 3123 4034">
    <p class='ocr_par' dir='ltr' id='par_1_10' title="bbox 3114 3210 3123 4034">
     <span class='ocr_line' id='line_1_43' title="bbox 3114 3210 3123 4034; baseline 0 0"><span class='ocrx_word' id='word_1_403' title='bbox 3114 3210 3123 4034; x_wconf 95' lang='lat' dir='ltr'> </span> 
     </span>
    </p>
   </div>
  </div>
 </body>
</html>
