3157 5028
1483 375 1550 428 57

367 545 668 626 Qualibus
697 547 967 629 argutiis
997 547 1507 629 epigrammatice
1537 549 1975 631 eleganterque
2004 548 2369 612 exacuendis
2396 547 2667 612 Alexan-

362 647 684 712 drinorum
729 647 974 712 Musam
1020 646 1429 712 ludibundam
1476 667 1622 730 prae
1667 649 1885 713 ceteris
1930 649 2155 713 favisse
2218 649 2355 730 quis
2423 647 2665 712 nescit?

363 748 844 813 Commenticias
915 749 1126 812 autem
1200 749 1524 814 nominum
1599 749 2075 832 originationes,
2152 751 2376 831 quibus
2443 747 2666 814 Graeci

368 849 585 931 poetae
649 848 794 912 inde
848 850 927 913 ab
980 849 1274 931 Euripide
1339 849 1833 926 delectabantur,
1900 848 2319 915 Callimachus
2383 849 2667 931 inprimis

370 949 751 1014 carminibus
797 968 906 1031 pro
951 949 1150 1014 doctis
1194 952 1576 1016 ornamentis
1620 951 1949 1016 inseruisse
1980 950 2257 1032 videtur:
2301 949 2459 1015 talia
2487 950 2665 1014 sunt:

359 1043 594 1133 Ἑκάλη
653 1042 693 1133 ἡ
751 1043 924 1131 πρὸς
979 1045 1210 1139 ἑαυτὴν
1271 1045 1522 1128 πάντας
1582 1050 1887 1134 καλοῦσα,
1946 1046 2279 1131 Ἀχιλλεύς
2342 1042 2480 1114 α’πό
2546 1049 2664 1114 τοῦ

363 1139 522 1232 ὄὲχος
567 1141 735 1215 εἶναι
776 1140 1066 1241 Ἰλιεῦσιν
1110 1171 1159 1217 e.
1206 1172 1261 1218 a.
1293 1155 1333 1218 ¹.
1422 1152 1541 1218 Sed
1589 1153 1728 1235 plus
1773 1153 1959 1233 valet,
2006 1152 2167 1236 quod
2214 1152 2469 1235 Dilthey
2516 1151 2583 1230 (l.
2622 1151 2665 1214 l.

366 1274 423 1336 p.
466 1254 545 1317 41
592 1254 715 1334 sq.)
779 1253 847 1317 in
902 1252 1230 1327 Ovidiana,
1302 1274 1460 1336 quae
1523 1254 1773 1332 dicitur,
1841 1254 2106 1336 epistula
2164 1253 2337 1332 XXI,
2409 1253 2531 1316 209
2574 1272 2667 1334 sq.

363 1353 859 1420 Alexandrinum
907 1355 1156 1419 Acontii
1212 1356 1480 1421 nominis
1542 1355 1959 1438 veriloquium
2022 1355 2185 1420 tecte
2245 1353 2669 1436 significatum

366 1475 494 1520 esse
538 1455 859 1538 ingeniose
903 1457 1217 1539 cognovit.
1309 1457 1586 1540 Denique
1640 1455 2121 1539 μετονομασιάς
2175 1453 2516 1536 exemplum
2571 1453 2667 1517 di-

366 1575 581 1639 gnum,
651 1555 817 1638 quod
859 1575 1001 1621 cum
1045 1556 1255 1622 Ovidii
1298 1557 1433 1623 loco
1480 1559 1908 1640 componatur,
1982 1557 2048 1620 in
2095 1555 2467 1622 Callimachi
2524 1555 2668 1620 reli-

367 1656 531 1738 quiis
576 1656 777 1721 exstat
820 1655 942 1740 frg.
986 1658 1109 1721 213
1155 1657 1426 1737 (Schn.):
1471 1645 1616 1722 ἆντὶ
1655 1652 1773 1742 γὰρ
1820 1651 2104 1743 ἐκλήθης
2130 1646 2443 1738 Ἴμβρασε
2486 1660 2670 1737 Παρ-

367 1755 620 1820 θενίου.
709 1757 798 1821 At
860 1775 936 1822 ne
1000 1759 1242 1824 mireris
1308 1759 1622 1825 Nasonem
1689 1759 1755 1824 in
1819 1760 1951 1841 ipso
2014 1759 2344 1843 Hippolyti
2407 1757 2669 1822 interitu

366 1857 746 1922 illustrando
808 1877 948 1922 cum
1007 1859 1278 1940 quadam
1333 1855 1657 1943 voluptate
1708 1860 2052 1942 immorari,
2120 1859 2458 1924 Lucianum
2523 1858 2669 1936 cito,

365 1959 471 2040 qui
520 1959 598 2023 de
640 1977 871 2024 conscr.
915 1960 1063 2025 hist.
1103 1961 1182 2025 57
1224 1961 1520 2026 laudatae
1563 1961 1821 2025 Homeri
1868 1960 2148 2026 castitati
2192 1960 2344 2025 haec
2384 1958 2667 2041 opponit:

368 2055 428 2124 εἶ
470 2060 542 2125 δὲ
585 2061 964 2144 Παρθένιος
1007 2056 1048 2148 ἢ
1091 2054 1444 2150 Εὐφορίων
1487 2057 1529 2150 ἢ
1576 2061 1991 2145 Καλλίμαχος
2040 2059 2238 2146 ἔλεγε,
2306 2054 2549 2136 πόσοις
2591 2051 2669 2121 ἂν

370 2154 498 2226 οἷἐι
545 2157 740 2227 ἔπεσι
782 2158 858 2229 τὸ
908 2159 1088 2245 ὕδωρ
1135 2165 1282 2247 ἄχρι
1327 2161 1498 2247 πρὸς
1540 2161 1619 2230 τὸ
1648 2165 1865 2246 χεῖλος
1893 2165 2011 2228 τοῦ
2044 2157 2375 2228 Ταντάλου
2405 2151 2667 2250 ἤγαγενς

365 2253 507 2327 εἶτα
567 2258 811 2341 πόσοις
866 2258 944 2328 ἂν
986 2257 1211 2346 Ἰξίονα
1271 2261 1531 2332 ἐκύλισε
1558 2270 1613 2344 23
1702 2268 2020 2333 Nimirum
2066 2264 2470 2331 Alexandrini
2525 2263 2670 2327 hor-

369 2365 625 2429 rendam
671 2368 1253 2449 monstruosamque
1298 2386 1500 2432 rerum
1549 2369 1947 2433 atrocitatem
1997 2384 2191 2448 usque
2232 2365 2311 2430 ad
2356 2364 2668 2429 luxuriam

365 2465 680 2531 subtiliter
719 2467 1122 2533 'exornabant
1187 2469 1249 2533 et
1303 2469 1791 2553 amplificabant.
1879 2467 2238 2551 Euripidem
2287 2483 2428 2531 vero
2471 2464 2539 2529 ei‘
2571 2463 2671 2528 in-

367 2569 465 2631 ter
533 2586 754 2631 manus
822 2568 1028 2645 fuisse,
1103 2569 1456 2652 quicunque
1500 2571 1836 2654 Hippolyti
1879 2569 2206 2633 interitum
2248 2565 2669 2648 descripturus

369 2669 546 2746 esset,
593 2670 1073 2735 consentaneum
1119 2672 1229 2735 est.
1316 2672 1538 2753 Itaque
1582 2669 1929 2735 similitudo
1974 2667 2301 2733 intercedit
2344 2666 2508 2731 inter
2532 2665 2667 2750 ⁵Ov.

370 2768 494 2831 508
527 2786 614 2849 sq.
661 2770 722 2833 et
767 2770 912 2835 Eur.
955 2770 1103 2853 Hip.
1155 2772 1317 2835 1210
1347 2791 1458 2855 sq.,
1504 2772 1668 2836 inter
1714 2770 1827 2837 Ov.
1860 2758 2090 2834 520'et
2134 2768 2279 2832 Eur.
2316 2768 2499 2831 1222.
2547 2765 2668 2831 Sed

363 2868 664 2933 nonnulla
710 2871 892 2951 poeta
941 2871 1260 2936 Romanus
1320 2872 1504 2937 aliter
1556 2871 1872 2936 instituit:
1939 2869 2289 2934 monstrum
2352 2867 2667 2931 marinum

367 2987 537 3033 mare
580 2971 831 3035 omnino
877 2989 999 3035 non
1044 2972 1305 3054 linquit;
1349 2973 1506 3051 ide0,
1555 2974 1620 3037 ni
1664 2972 1867 3051 fallor,
1914 2971 2063 3053 quia
2106 2970 2224 3034 hoc
2271 2987 2409 3033 cum
2457 2985 2669 3031 rerum

365 3069 910 3136 verisimilitudine
957 3075 1284 3155 pugnaret.
1373 3073 1560 3139 Secus
1606 3074 1751 3139 Eur.
1802 3074 1965 3137 1228
1996 3091 2106 3155 sq.,
2149 3070 2289 3136 Sen.
2327 3070 2485 3134 1077
2520 3087 2610 3149 sq.
2626 3070 2669 3131 ⁸.

370 3172 564 3236 Bovis
609 3172 897 3237 habitum
937 3173 1106 3239 Naso
1158 3175 1246 3240 ita
1295 3175 1589 3240 describit
1636 3195 1691 3240 v.
1736 3174 1886 3239 512:
1942 3166 2448 3255 ‘pectoribusque
2491 3169 2671 3233 tenus

573 3434 594 3466 ¹
633 3432 715 3487 Cf.
742 3433 973 3502 Dilthey
998 3434 1051 3488 d.
1081 3433 1216 3488 Call.
1247 3434 1377 3503 Cyd.
1404 3452 1458 3503 p.
1485 3436 1554 3487 37
1583 3451 1663 3502 sq.
1704 3463 1771 3473 —
1806 3432 2006 3487 Nescio
2044 3436 2232 3486 autem
2270 3448 2344 3485 an
2372 3429 2674 3483 Battiaden

371 3521 544 3575 etiam
581 3521 720 3577 haec
761 3522 1075 3577 redoleant:
1115 3520 1324 3589 Θησεὺς
1361 3516 1669 3593 ὠνομάσθη
1708 3517 1799 3573 διὰ
1828 3517 1926 3586 τὴν
1949 3521 2059 3573 τῶν
2082 3512 2483 3588 γνωρισμάτων
2507 3521 2672 3571 θέσιν

367 3610 464 3661 τοῦ
500 3627 557 3662 τε
593 3612 784 3681 ξίφους
822 3614 913 3663 καὶ
948 3611 1058 3665 τῶν
1095 3612 1336 3663 πεδίλων
1361 3610 1570 3679 (Etym.
1592 3610 1783 3680 Magn.
1809 3627 1850 3675 s.
1876 3628 1930 3663 v.
1970 3607 2039 3662 cf.
2067 3606 2351 3661 Plutarch.
2374 3606 2537 3661 Thes·
2557 3607 2672 3675 IV),

368 3697 503 3765 quia
538 3698 741 3753 cecinit
776 3698 884 3769 frg.
924 3701 1018 3753 66:

758 3783 852 3841 Ἐν
885 3786 996 3857 μὲν
1030 3784 1140 3856 γὰρ
1185 3788 1431 3857 Τροιζῆνι
1468 3788 1754 3858 κολουροιίῃ
1796 3781 1903 3839 ὑπὸ
1944 3786 2113 3856 πέτρῃ

764 3876 926 3941 θῆκε
967 3872 1068 3930 σὺν
1102 3873 1417 3946 ἁρπίδεσσι.

572 3960 594 3992 ²
640 3962 720 4017 Cf.
757 3963 990 4032 Dilthey
1025 3963 1060 4018 1.
1099 3964 1136 4018 1.
1180 3982 1233 4034 p.
1275 3966 1360 4017 22.
1433 3964 1623 4018 Naeke
1665 3964 1797 4019 Call.
1835 3964 1967 4018 Hec.
2009 3980 2062 4032 p.
2102 3964 2134 4016 9
2173 3980 2252 4030 sq.
2311 3991 2378 4001 —
2437 3959 2671 4013 Knaack

368 4050 666 4118 (Analecta
703 4053 1008 4107 Alexandr.
1049 4051 1209 4107 Rom.
1247 4071 1301 4121 p.
1343 4053 1434 4123 21)
1496 4052 1717 4107 Poenae
1778 4052 2002 4107 foedam
2060 4050 2491 4120 descriptionem
2547 4048 2670 4102 iure

367 4139 707 4194 Callimacho
747 4140 1076 4195 vindicavit.

574 4228 596 4261 ⁸
633 4228 848 4297 Lapsus
904 4229 1022 4298 ipse
1077 4229 1229 4299 apud
1274 4227 1538 4283 Ovidium
1593 4247 1647 4283 V.
1689 4230 1793 4282 523
1850 4228 2079 4297 stipitis,
2139 4225 2289 4295 apud
2336 4222 2669 4291 Euripidem

363 4334 415 4371 v.
465 4318 604 4371 1233
651 4316 855 4386 lapidis
901 4335 1135 4373 occursu
1183 4318 1497 4373 adducitur.
1571 4317 1779 4372 Seneca
1824 4334 1942 4372 rem
1993 4316 2103 4370 alio
2152 4313 2319 4369 modo
2368 4309 2667 4366 exornavit

366 4422 420 4461 v.
462 4405 622 4475 10823
661 4405 730 4461 de
766 4410 876 4475 quo
914 4410 1126 4475 postea.
