3157 5028
2672 12 2933 94 U...

1640 365 1710 422 94

525 540 890 608 SimaethaP
959 533 1212 621 Φράζεό
1257 561 1380 620 μευ
1423 531 1540 601 τὸν
1586 533 1794 620 ἔρωέΡ
1842 528 2009 602 ὅθεν
2045 534 2255 604 ἵκετοὶ
2342 537 2589 622 Aspicit
2620 538 2831 621 puella

522 642 589 706 in
648 635 909 723 pompae
961 639 1315 722 spectaculo
1369 639 1639 722 Delphin
1702 641 1892 724 atque
1946 640 2019 705 ut
2076 639 2257 719 vidit,
2323 641 2394 706 ut
2454 640 2715 706 insaniit
2766 659 2826 706 v.

527 743 604 806 77
650 761 739 824 sq.
827 741 1114 807 Phaedra
1162 741 1523 824 privignum
1583 742 1665 808 ad
1724 743 2022 827 mysteria
2068 741 2434 808 celebranda
2480 740 2829 824 profectum

523 845 796 928 primum
841 842 1106 924 deperit3
1152 862 1275 926 qua
1315 843 1382 907 in
1427 863 1492 908 re
1537 845 1776 909 multus
1820 845 1916 910 est
1940 843 2201 910 Ovidius
2224 842 2397 921 (Her.
2420 843 2530 923 IV,
2579 844 2658 908 67
2681 841 2827 926 sq.),

523 946 768 1030 parcior
811 944 1138 1026 Euripides
1182 942 1360 1028 (Hip.
1406 945 1488 1009 24
1525 946 1666 1028 sq.).
1754 946 1914 1011 Nolo
1976 945 2227 1029 quidem
2286 945 2621 1011 admodum
2688 963 2830 1030 pre-

524 1067 688 1114 mere
719 1047 853 1125 hoc,
900 1047 1047 1129 quia
1076 1047 1310 1112 similia
1339 1048 1404 1112 in
1450 1047 1683 1112 fabulis
1726 1047 2051 1114 amatoriis
2090 1047 2219 1112 iam
2262 1047 2405 1114 inde
2449 1049 2527 1113 ab
2551 1046 2827 1113 Homero

521 1148 924 1215 inveniuntur
949 1149 987 1211 ¹.
1017 1185 1093 1194 —
1126 1147 1514 1214 Simaetham
1537 1148 1860 1214 ardentem
1905 1150 2157 1215 morbus
2200 1149 2532 1233 consumit,
2576 1150 2827 1214 decum-

521 1251 616 1316 bit
657 1250 723 1313 in
767 1249 927 1315 lecto
973 1247 1182 1314 decem
1226 1248 1356 1313 dies
1397 1251 1460 1314 et
1502 1249 1711 1314 decem
1752 1250 1989 1330 noctes3
2036 1269 2257 1332 corpus
2300 1249 2646 1330 marcescit,
2692 1249 2826 1316 sola

522 1369 660 1417 ossa
729 1350 791 1416 et
852 1349 1030 1432 pellis
1091 1347 1530 1432 relinquuntur
1595 1369 1652 1414 v.
1707 1350 1787 1415 85
1840 1369 1932 1432 sq.
2041 1349 2277 1416 Chorus
2326 1351 2696 1433 Euripideus
2750 1350 2827 1416 de

520 1449 808 1515 Phaedra
848 1448 1289 1514 confabulatur
1331 1469 1389 1516 v.
1441 1451 1561 1516 129
1586 1471 1711 1534 sq.:
1756 1444 1926 1515 ὅθεν
1958 1473 2077 1532 μοι
2113 1449 2121 1534 Ι
2162 1445 2399 1532 πρώτα
2428 1446 2625 1537 φάτις
2654 1437 2824 1534 ἶλθε

520 1547 874 1615 δέσποιναν
911 1551 919 1630 Ι
957 1548 1336 1632 τειρομέναν
1359 1554 1601 1640 νοσερᾷ
1638 1551 1649 1632 Ι
1686 1550 1876 1638 κοίτᾳ
1899 1550 2099 1634 δέμας
2122 1546 2305 1629 ἐντὸς
2333 1547 2505 1632 ἔχειν
2530 1551 2541 1635 Ι
2567 1545 2823 1617 οἴκωνῖ.

521 1651 759 1716 Narrat
807 1652 1026 1717 deinde
1069 1652 1326 1717 tertium
1384 1654 1513 1719 iam
1561 1653 1727 1719 diem
1785 1673 1921 1719 eam
1979 1672 2223 1719 omnem
2277 1654 2482 1719 cibum
2540 1673 2824 1736 respuere

522 1755 605 1835 (v,
655 1754 774 1817 135
819 1772 911 1836 sq.
957 1753 1036 1819 cf.
1076 1773 1132 1818 V.
1171 1755 1342 1835 275),
1389 1755 1546 1819 scire
1593 1754 1733 1820 vult
1781 1775 1836 1820 v.
1877 1755 2027 1819 174:
2088 1753 2153 1817 τί
2194 1748 2540 1839 δεδήληται
2578 1753 2826 1844 Ιῆδέμας

519 1845 879 1936 ἄλλόχροον
917 1852 1268 1935 βασιλείας,
1316 1855 1623 1920 exclamat
1668 1875 1724 1920 v.
1754 1855 1905 1920 274:
1954 1853 2047 1932 οἷς
2090 1845 2379 1942 ἆσθενεζ
2410 1878 2481 1919 τε
2522 1854 2633 1921 καὶ
2672 1879 2825 1920 κατ-

519 1952 776 2035 έξανται
813 1952 1028 2035 δέμας.
1119 1955 1438 2021 Simaetha
1503 1958 1713 2023 autem
1760 1957 1911 2024 haec
1972 1958 2245 2023 subtexit
2296 1977 2354 2024 v.
2399 1959 2481 2023 90
2525 1977 2649 2041 sq.:
2714 1955 2825 2021 καὶ

520 2056 586 2135 ἐς
640 2055 818 2134 τίνος
879 2057 994 2120 οὐκ
1053 2053 1342 2140 ἐπέρασα
1393 2058 1402 2140 Ι
1457 2051 1502 2142 ἢ
1564 2057 1766 2136 ποίας
1827 2053 2060 2123 ἔλιπον
2112 2057 2337 2142 γραίας
2391 2054 2614 2142 δόμον,
2679 2053 2824 2136 ἅτις

521 2154 804 2247 ἐπᾷδεν,·
870 2156 1186 2223 Nimirum
1230 2160 1546 2242 pugnarat
1592 2162 1809 2225 contra
1858 2179 2163 2239 amorem;
2236 2160 2343 2225 sed
2386 2160 2621 2234 frustra
2665 2160 2823 2227 leni-

517 2279 659 2326 men
704 2260 1156 2342 circumspexit.
1244 2260 1400 2324 Item
1449 2260 1734 2326 Phaedra
1779 2261 2114 2344 EuripidiS,
2180 2261 2344 2344 apud
2398 2281 2581 2344 quem
2624 2281 2822 2346 neque

516 2349 987 2426 incantamenta
1031 2377 1230 2444 neque
1271 2360 1542 2426 remedia
1572 2361 1815 2444 desunt,
1858 2381 2019 2444 quae
2056 2362 2265 2426 nutrix
2295 2365 2515 2430 contra
2544 2383 2821 2429 amorem

516 2461 635 2528 sibi
679 2462 924 2545 praesto
972 2480 1100 2527 esse
1142 2461 1511 2545 praetendit.
1602 2461 1722 2528 Sed
1752 2481 1968 2529 verum
2010 2463 2352 2531 remedium
2398 2465 2681 2531 amatum
2724 2465 2823 2530 iu-

517 2583 731 2630 venem
777 2582 923 2643 esse,
991 2564 1056 2628 in
1102 2584 1174 2629 ea
1219 2583 1283 2629 re
1336 2564 1548 2629 nutrix
1603 2564 1665 2629 et
1718 2564 2001 2631 Phaedra
2064 2566 2193 2632 fere
2257 2585 2379 2632 non
2442 2567 2821 2634 dissentiunt

517 2667 621 2747 (cf.
668 2686 854 2749 supra
898 2687 954 2750 p.
1003 2666 1081 2731 15
1127 2667 1250 2748 sq.)
1319 2664 1641 2731 Simaetha
1706 2665 1798 2732 ita
1853 2685 1911 2732 v,
1958 2668 2066 2732 95:
2142 2662 2201 2731 εἰ
2255 2665 2311 2730 δ’
2366 2656 2479 2749 ἄγε
2541 2665 2822 2732 Θέστυλί

514 2792 627 2850 μοι
673 2767 963 2849 χαλεπᾶς
1005 2760 1179 2832 νόσω
1227 2762 1382 2848 εὑρέ
1423 2790 1487 2831 τι
1530 2769 1737 2855 μῆχος
1787 2769 1977 2851 atque
2029 2768 2156 2834 iam
2204 2763 2324 2833 τὸν
2368 2762 2662 2834 Μύνδιον
2718 2790 2822 2835 ar-

513 2871 666 2935 cessi
700 2870 910 2936 -iubet.
999 2868 1122 2936 Sed
1165 2868 1595 2953 gravissimu8‚
1657 2869 1767 2953 qui
1814 2870 2129 2952 praecedit
2172 2889 2384 2936 versus
2427 2870 2535 2935 94:
2600 2865 2817 2951 χοῧτω

513 2972 596 3058 τᾷ
640 2969 848 3057 δούλα
893 2964 1007 3034 τὸν
1050 2960 1306 3034 ἀλαθέα
1348 2972 1573 3052 μῦθον
1620 2965 1827 3052 ἔλεξα,
1877 2972 2094 3053 utpote
2139 2990 2321 3054 quem
2367 2991 2475 3055 per
2519 2971 2817 3038 circuitus

512 3071 759 3136 locutus
803 3071 896 3135 ita
933 3070 1226 3152 explices:
1272 3070 1591 3154 στέγουσα
1632 3065 1751 3157 τὴν
1794 3066 1991 3137 νόσον
2030 3071 2246 3157 χρόνῳ
2291 3067 2463 3155 πρὸς
2505 3066 2624 3159 τὴν
2666 3096 2819 3156 τρο-

513 3164 646 3257 φόν
686 3169 974 3253 δηλῶσαι
1017 3162 1395 3257 ἠναγκάσθη
1445 3170 1625 3256 (Arg.
1672 3173 1819 3237 Eur.
1865 3170 2061 3255 Hip).
2126 3172 2338 3255 Atque
2379 3173 2504 3238 ista
2546 3172 2815 3257 insignis

513 3424 813 3480 confictum
851 3424 925 3479 sit
962 3441 1028 3479 ex
1066 3424 1256 3493 priore
1292 3424 1501 3493 alique,
1547 3442 1674 3479 cum
1708 3428 1838 3494 post
1872 3423 2106 3478 ancillae
2147 3422 2449 3479 discessum
2491 3423 2585 3493 (cf.
2622 3442 2677 3479 v.
2718 3426 2812 3494 64)

515 3513 947 3569 fascinationum
1003 3514 1301 3583 apparatui
1357 3513 1584 3568 omnino
1643 3529 1756 3567 non
1812 3512 2052 3581 amplius
2108 3513 2260 3567 locus
2311 3514 2411 3582 sit;
2472 3512 2643 3568 immo
2694 3515 2813 3569 sola

511 3602 675 3657 Luna
732 3602 803 3657 ab
859 3606 1082 3657 amante
1129 3602 1365 3657 muliere
1420 3602 1513 3658 hic
1571 3602 1859 3672 aptissime
1905 3601 2201 3656 invocatur
2258 3600 2353 3672 (cf.
2390 3601 2575 3658 Schol.
2614 3622 2667 3659 v.
2710 3605 2812 3672 10).

513 3690 691 3746 Simul
729 3709 851 3746 cum
880 3690 1087 3745 Hecate
1125 3708 1189 3755 eo
1229 3691 1351 3748 loco
1375 3690 1727 3760 imploratur,
1766 3708 1879 3760 quo
1905 3690 2027 3760 ipsa
2051 3707 2209 3745 sacra
2233 3692 2454 3763 magica
2477 3691 2813 3747 inchoantur

511 3778 588 3850 (v.
630 3782 699 3833 10
735 3779 866 3850 sq.);
923 3784 1093 3849 atque
1141 3797 1210 3835 ex
1257 3779 1663 3834 commentario
1712 3780 1879 3833 huius
1919 3779 2027 3834 loci
2066 3779 2367 3835 scholiasta
2405 3798 2563 3837 suam
2603 3780 2810 3835 doctri·

511 3886 643 3923 nam
678 3866 936 3922 derivare
970 3869 1176 3937 potuit.
1248 3869 1357 3924 Hic
1392 3868 1622 3938 insuper
1660 3867 1919 3938 Sophron
1953 3869 2219 3923 laudatur
2256 3867 2462 3938 (Schol.
2502 3887 2553 3922 v.
2596 3868 2701 3937 12).

716 3958 734 3989 ¹
775 3956 856 4011 Cf.
895 3956 1127 4025 Dilthey
1165 3957 1200 4010 1.
1241 3955 1280 4010 1.
1318 3974 1374 4025 p.
1411 3957 1482 4009 49
1520 3974 1601 4025 sq.
1682 3956 1883 4011 Rohde
1920 3957 1958 4010 l.
1995 3957 2032 4010 l.
2069 3974 2125 4025 p.
2166 3958 2267 4010 145
2304 3974 2384 4025 sq.
2459 3957 2810 4028 Argumenta

509 4061 635 4099 mea
675 4044 754 4098 eis
790 4048 1011 4097 tantum
1055 4042 1344 4097 debilitari
1382 4060 1560 4112 posse,
1599 4061 1743 4112 quae
1790 4044 1905 4098 iam
1952 4050 2083 4099 ante
2120 4044 2413 4114 Euripidis
2458 4048 2715 4113 tempora
2751 4044 2809 4096 in

507 4150 611 4187 usu
648 4132 897 4200 fuerunt,
935 4132 1033 4185 vix
1069 4148 1208 4199 opus
1249 4135 1331 4185 est
1371 4148 1611 4185 monere.
2449 4117 2453 4121 ¹

449 4276 454 4281 ,
712 4222 734 4255 ²
771 4226 944 4290 Κοίτᾳ
969 4238 1074 4274 om.
1096 4219 1216 4275 ΑΕ.
1255 4220 1522 4273 ἔντοσθεν
1559 4220 1711 4290 ἔχειν
1746 4218 1880 4289 libri
1914 4220 2187 4289 plerique.
2242 4219 2442 4274 Sensus
2467 4220 2807 4289 perspicuus,

508 4309 607 4363 sed
653 4308 804 4365 locus
852 4312 1166 4377 corruptus.
1243 4308 1531 4363 Wecklein
1575 4308 1787 4376 (Fleck.
1826 4308 2024 4363 Jahrb.
2069 4309 2206 4363 1880
2267 4325 2327 4377 p.
2365 4309 2494 4377 385)
2544 4306 2804 4363 coniecit:

508 4401 834 4467 τειρομέναν
867 4396 1098 4465 νοσερᾶς
1133 4392 1302 4450 αὐτὰν
1339 4397 1517 4467 δέμας
1555 4393 1709 4455 ἐντὸς
1743 4398 1894 4466 ἔχειν
1928 4401 2123 4455 κοίτας.
