3157 5028
1622 351 1695 405 32

511 542 549 588 a
594 521 831 589 Graeca
872 522 1198 608 tragoedia
1244 541 1365 588 non
1412 523 1631 605 utique
1674 523 1879 588 aliena
1918 520 2153 586 fuerint
2175 523 2212 585 ¹.
2250 557 2327 566 —-
2361 521 2449 584 At
2487 520 2651 602 quod
2698 539 2815 584 nu-

510 623 633 688 trix
677 624 842 707 apud
884 625 1182 693 Senecam
1228 624 1643 707 Hippolytum
1686 623 1900 688 edocet
1961 640 2015 688 v.
2061 624 2186 688 466
2232 641 2352 704 sq.:
2409 621 2617 685 Iovem
2671 639 2812 702 pro·

512 724 758 810 vidisse,
795 723 969 792 ‘cum
1012 727 1142 790 tam
1187 744 1440 808 rapaces
1485 726 1762 790 cerneret
1805 722 1949 789 Fati
1990 742 2233 802 manue,
2280 725 2351 788 ut
2388 723 2615 788 damna
2654 741 2814 788 sem-

511 843 618 906 per
657 825 871 891 subole
925 827 1244 908 repararet
1284 825 1494 903 nova‘,
1549 824 1655 889 sed
1704 824 1757 888 si
1802 824 2011 888 Venus
2071 825 2409 889 humanam
2456 823 2816 888 societatem

511 924 928 1008 dereliquerit,
973 926 1122 1009 fore,
1166 927 1239 990 ut
1269 927 1436 992 orbis
1467 926 1672 992 iaceat
1708 918 2029 1008 ‘squalido
2057 925 2260 1007 turpis
2287 927 2439 990 situ’
2474 945 2534 991 v.
2556 925 2680 990 469
2706 941 2818 1008 sq„

509 1044 714 1091 nonne
756 1028 863 1092 ille
906 1046 1016 1110 pro
1070 1047 1183 1092 sua
1228 1027 1454 1092 natura
1518 1027 1665 1108 apte
1723 1025 2156 1108 respondisset,
2224 1027 2297 1090 ut
2344 1027 2409 1090 in
2458 1025 2815 1091 Coronifero

509 1147 569 1192 v.
609 1129 732 1192 61ss
793 1146 884 1211 sq.
929 1128 1064 1193 Iovi
1109 1128 1484 1205 convicianS,
1548 1127 1711 1210 quod
1757 1127 1981 1191 liberos
2026 1125 2320 1191 creandos
2366 1146 2487 1191 non
2531 1125 2819 1191 emendos

511 1231 819 1313 curasset3
885 1232 1091 1314 aptius
1137 1233 1321 1314 certe,
1395 1251 1585 1315 quam
1645 1230 1821 1296 illic?
1907 1229 2072 1295 Nam
2130 1229 2339 1294 omnia
2392 1228 2676 1304 suadent,
2745 1227 2817 1290 ut

510 1348 828 1398 sumamus
874 1332 1137 1414 priorem
1172 1351 1416 1416 quoque
1448 1317 1860 1414 Hippolytum
1904 1331 2202 1395 feminam
2242 1331 2461 1395 ducem
2506 1329 2817 1394 malorum

513 1432 940 1517 artificemque
982 1434 1281 1500 scelerum
1326 1434 1494 1511 (Sen.
1526 1434 1677 1513 559)
1724 1433 2087 1516 exagitasse,
2133 1451 2205 1497 ea
2250 1432 2511 1496 fortasse
2553 1430 2813 1508 ratione,

511 1533 585 1596 ut
628 1533 861 1598 nutrici
905 1552 1116 1599 sensus
1160 1553 1302 1598 suos
1348 1534 1422 1599 de
1465 1534 1589 1599 ista
1633 1537 1803 1617 peste
1846 1550 1919 1599 ac
1963 1532 2232 1615 pernicie
2270 1531 2554 1613 aperiret,
2600 1530 2815 1612 quales

511 1631 576 1697 in
632 1633 752 1716 frg.
806 1634 927 1699 inc.
990 1637 1152 1701 1045
1212 1636 1345 1700 fuse
1406 1637 1819 1718 exponuntur,
1891 1633 2020 1698 deis
2078 1634 2388 1717 postremo
2445 1630 2815 1714 exprobrans

515 1753 574 1801 v.
621 1737 689 1800 6:

1754 1833 1812 1902 εἰ
1858 1835 1930 1901 δέ
1971 1859 2089 1900 του
2135 1836 2321 1900 θεῶν

912 1937 1056 2004 τόδ’
1101 1935 1239 2003 ἐστὶ
1284 1931 1572 2022 πλάσμα,
1619 1933 2011 2024 δημιουργὸς
2055 1929 2147 2001 ὢν
2189 1943 2405 1999 κακῶν

914 2039 1219 2123 μέγιστος
1259 2034 1427 2105 ἴστω
1469 2039 1578 2104 καὶ
1619 2043 1923 2122 βροτοῖσι
1968 2038 2307 2126 δυσμενής.

513 2141 678 2206 Nam
732 2137 960 2205 Seneca
1015 2141 1131 2206 hoc
1181 2159 1394 2206 rursus
1450 2142 1603 2207 bene
1650 2141 1934 2206 instituit
1979 2139 2308 2216 Graecum,
2364 2140 2438 2203 ut
2493 2136 2814 2212 contendo,

515 2238 823 2323 exemplar
865 2242 1130 2320 secutus,
1178 2242 1343 2324 quod
1375 2242 1804 2326 Hippolytum,
1849 2244 2177 2324 postquam
2225 2258 2491 2305 noverca
2534 2239 2664 2304 eius
2706 2255 2817 2321 ge-

515 2342 696 2407 nibus
739 2341 995 2423 adlapsa
1038 2342 1134 2406 est
1177 2343 1260 2422 (v.
1303 2342 1470 2426 667),
1516 2343 1584 2406 in
1627 2345 1809 2408 tanta
1849 2342 2186 2408 affectuum
2232 2341 2647 2414 concitatione
2692 2357 2815 2404 non

517 2586 667 2642 hunc
699 2588 884 2644 locum
923 2586 1128 2644 Seneca
1167 2591 1296 2642 ante
1333 2588 1522 2642 oculos
1561 2587 1762 2641 habuit
1799 2586 1901 2642 Ov.
1925 2587 2058 2641 Met.
2086 2584 2125 2641 1.
2172 2589 2239 2641 89
2266 2604 2378 2655 sq.;
2416 2586 2669 2641 conferas
2692 2585 2817 2640 Sen.

519 2678 624 2731 555
662 2694 742 2745 sq.
791 2695 918 2732 cum
965 2675 1067 2731 Ov.
1120 2678 1222 2729 144
1269 2694 1378 2745 sq.;
1439 2694 1623 2745 neque
1681 2693 1924 2731 noverca
1983 2676 2125 2741 (Seu.
2167 2674 2293 2741 558)
2347 2675 2499 2743 apud
2553 2673 2817 2729 Ovidium

517 2763 594 2835 (v.
640 2766 768 2834 147)
805 2766 976 2820 deest.
1018 2796 1080 2805 —
1123 2765 1382 2819 Ceterum
1430 2765 1716 2819 tralaticia
1763 2764 1901 2819 haec
1946 2766 2183 2819 materia
2241 2765 2301 2818 in
2340 2764 2495 2833 poesi
2532 2764 2817 2833 Romana3

519 2853 591 2909 cf.
629 2854 821 2909 Tibull
857 2854 900 2923 1,
950 2858 1000 2908 3.
1055 2856 1124 2907 35
1163 2871 1242 2923 sq.
1316 2852 1483 2923 Prop.
1532 2853 1628 2921 IV,
1684 2856 1765 2907 13.
1814 2855 1883 2907 25
1930 2871 2010 2921 sq.
2085 2857 2289 2908 Aetna.
2335 2872 2387 2907 v.
2426 2854 2460 2905 9
2497 2870 2577 2921 sq.
2650 2852 2817 2923 Verg.

522 2941 726 3012 Georg.
762 2943 807 3011 1,
849 2944 948 2995 125
976 2959 1056 3011 sq.
1130 2942 1266 2997 Hor.
1289 2943 1394 3013 Ep.
1423 2944 1511 2997 od.
1536 2943 1688 3012 XVI,
1726 2946 1790 2995 41
1816 2960 1897 3011 sq.
1945 2942 2045 2997 Ov.
2086 2942 2223 2997 Met.
2262 2942 2383 3011 XV,
2420 2944 2492 2996 96
2510 2960 2591 3011 sq.
2628 2942 2817 2997 Senec.

519 3029 666 3085 Med.
701 3032 804 3084 301
845 3048 928 3099 sq.

731 3120 747 3150 ¹
784 3118 1073 3174 Moschion
1120 3119 1229 3191 frg.
1267 3124 1318 3175 7.
1356 3120 1629 3189 ampullas
1668 3120 1738 3173 de
1789 3138 1962 3175 aurea
2008 3123 2194 3175 aetate
2238 3119 2446 3189 proicit
2490 3136 2555 3174 eo
2595 3118 2821 3188 quidem

519 3224 699 3276 sensu,
735 3213 800 3262 ut
838 3209 1182 3277 primaevam
1208 3213 1468 3262 naturam
1493 3210 1811 3277 impolitam
1839 3226 2167 3277 morumque
2191 3208 2435 3279 rigidam
2458 3208 2820 3276 asperitatem

520 3295 774 3350 excultae
810 3297 1081 3351 seriorum
1119 3296 1408 3351 hominum
1445 3298 1598 3352 vitae
1636 3302 1899 3367 opponat.
1974 3298 2057 3351 De
2104 3297 2444 3351 comicorum
2494 3294 2820 3350 commentis

521 3383 590 3438 cf.
634 3384 756 3439 Birt
795 3385 982 3456 Elpid.
1023 3403 1075 3456 p.
1119 3388 1180 3439 19
1217 3404 1299 3455 sq.
1341 3416 1404 3425 —
1444 3387 1520 3441 lis
1558 3392 1763 3449 autem,
1800 3387 1897 3456 qui
1938 3386 2337 3456 philosophicis
2373 3380 2819 3439 conclusionibus

520 3472 867 3543 indulgeant,
913 3474 1112 3529 libebit
1151 3474 1484 3529 Hesiodeam
1534 3476 1680 3530 hanc
1726 3481 1783 3531 et
1819 3475 2187 3543 Platonicam,
2226 3491 2392 3543 quam
2439 3473 2572 3527 item
2611 3471 2826 3527 Seneca

519 3566 730 3625 tuetur,
777 3563 1100 3633 opinionem
1143 3564 1213 3618 de
1260 3565 1416 3619 aurei
1469 3566 1591 3620 aevi
1645 3566 1919 3622 felicitate
1964 3564 2220 3619 omnibus
2268 3564 2513 3617 numeris
2564 3561 2823 3615 absoluta

521 3652 672 3721 apud
708 3651 1088 3707 Moschionem
1126 3653 1185 3706 in
1223 3655 1570 3709 contrarium
1606 3655 1929 3709 subversam
1964 3653 2265 3708 memoriae
2302 3650 2587 3706 mandare.
2655 3648 2821 3703 Cuius

518 3742 838 3795 contrariae
892 3742 1202 3797 sententiae
1259 3748 1647 3813 propugnator
1708 3742 1944 3797 fortasse
1982 3740 2397 3810 Theophrastus
2453 3738 2699 3805 exstitit3
2752 3736 2820 3791 cf.

522 3827 720 3883 Rohde
758 3829 853 3883 Gr.
894 3829 1050 3885 Rom.
1102 3848 1157 3899 p.
1199 3831 1298 3883 201
1341 3831 1474 3897 (21).
1544 3830 1707 3885 Tales
1756 3836 1941 3886 autem
1988 3830 2380 3884 fluctuationes
2426 3826 2823 3898 progrediente

521 3916 811 3971 hominum
849 3918 1071 3973 cultura
1108 3923 1174 3973 ut
1214 3924 1398 3973 aestus
1436 3920 1608 3973 maris
1645 3919 1897 3973 accidere
1936 3923 1993 3972 et
2018 3918 2368 3987 reciprocare
2408 3917 2604 3969 solent.
2659 3914 2822 3981 Nam,

522 4007 620 4075 qui
657 4007 906 4076 aliquam
943 4025 1067 4062 cum
1104 4008 1585 4077 praestantissimo
1636 4025 1857 4077 quoque
1897 4006 2227 4061 Germanico
2274 4005 2579 4075 superioris
2617 4002 2823 4058 saeculi

520 4099 690 4164 poeta
745 4096 1193 4151 familiaritatem
1247 4098 1623 4165 contraxerit,
1678 4114 1803 4150 eum
1855 4114 1968 4150 non
2017 4096 2201 4165 fugiet
2257 4100 2392 4149 tunc
2444 4092 2823 4163 praevaluisse

522 4184 682 4238 illam
726 4185 795 4239 de
841 4185 1131 4240 hominum
1187 4186 1621 4256 degeneratione
1666 4185 2003 4255 opinionem,
2061 4202 2227 4254 quam
2276 4184 2561 4238 Rousseau
2618 4180 2820 4235 sanxit.

522 4270 733 4326 Contra
784 4273 964 4327 nostri
1009 4274 1132 4327 aevi
1179 4274 1370 4342 opinio
1409 4274 1660 4345 vulgaris
1710 4273 2041 4343 plerumque
2087 4273 2144 4326 in
2193 4272 2537 4327 contrarium
2585 4270 2824 4324 inclinat

447 4356 450 4361 ’
522 4367 830 4432 praeeunte
865 4379 1054 4415 rerum
1089 4361 1447 4431 physicarum
1488 4362 1818 4431 disciplina3
1854 4362 1922 4416 cf.
1965 4361 2179 4416 Grimm
2220 4360 2432 4415 Goethe
2468 4360 2495 4413 I
2530 4376 2585 4429 p.
2626 4361 2711 4411 64.
2780 4420 2787 4429 .
