3157 5028
1490 417 1593 476 115

395 583 600 652 ναίων
667 589 802 654 τῶν
863 585 1164 676 μεγάλων
1226 593 1559 678 ἀγομένων
1628 633 1693 642 —-
1768 592 2109 681 ἐτύγχανον
2171 598 2289 683 μὲν
2339 595 2453 686 ἕφ7
2428 593 2696 686 ηβεῦων,

387 681 558 782 ᾅσας
623 693 696 758 δὲ
751 691 870 758 τὸν
935 689 1233 759 εἰωθότα
1298 699 1543 760 παιᾶνα
1608 697 1689 785 τῇ
1756 702 1903 783 θεῳ
1968 699 2077 763 καὶ
2136 696 2216 764 τὰ
2271 701 2695 784 νενομισμένα

386 786 941 878 προπομπεύσας,
1013 794 1102 874 ὥς
1163 787 1340 877 εἶχον
1405 798 1661 886 στολῆς,
1728 790 1897 888 αὐτῇ
1960 795 2233 884 χλαμύδι
2296 803 2401 867 καὶ
2468 795 2693 880 αὐτοῖς

384 891 735 981 στεφάνοις
781 891 1052 979 ἔρχομαι
1099 891 1318 962 adamis
1367 893 1458 974 (ὗς
1503 894 1799 982 ἐμαυτόν.
1845 925 1882 989 η
1922 899 1995 966 δὲ
2038 897 2267 990 ἐπειδὴ
2310 899 2388 968 τὸ
2420 906 2691 987 πρῶτον

383 985 558 1060 εἶδεν
586 996 720 1062 κτλ.
776 998 956 1063 Alter
997 999 1051 1063 is
1095 999 1188 1064 est
1217 999 1592 1087 Troezenius
1638 1003 1834 1085 herOS,
1881 1002 1987 1086 qui
2031 1003 2327 1086 mysteria
2372 1005 2687 1070 celebrans

383 1117 680 1163 novercae
713 1118 987 1164 amorem
1021 1099 1248 1176 inurit;
1293 1081 1481 1183 atque
1509 1102 1705 1167 istum
1740 1103 1988 1169 fabulae
2017 1104 2260 1168 auctori
2293 1124 2359 1184 re
2388 1124 2531 1169 vera
2562 1105 2685 1187 pri-

384 1218 558 1264 mum
577 1201 726 1264 ante
751 1201 959 1266 oculos
982 1200 1170 1265 fuisse
1193 1201 1513 1267 Phaedrae
1538 1203 1806 1284 epistula
1827 1204 2024 1268 vincit
2047 1203 2161 1269 Ov.
2182 1204 2325 1269 Her.
2340 1205 2448 1283 IV,
2471 1206 2551 1269 67
2566 1225 2688 1288 sq.z

686 1301 986 1383 Tempore
1031 1319 1152 1383 quo
1198 1303 1374 1367 nobis
1417 1303 1578 1368 inita
1624 1305 1715 1368 est
1762 1303 2029 1370 Cerealis
2072 1305 2344 1388 Eleusin,
2724 1295 2737 1306 ’

783 1401 1017 1468 Gnosia
1065 1423 1164 1470 me
1202 1404 1424 1469 vellem
1467 1404 1835 1470 detinuisset
1878 1406 2125 1470 humus,

682 1503 862 1568 Tunc
899 1503 1054 1568 mihi
1098 1505 1441 1588 praecipue,
1485 1524 1598 1570 nec
1638 1524 1761 1571 non
1806 1508 2019 1573 tamen
2064 1508 2211 1574 ante
2255 1509 2570 1590 placebas:

780 1622 921 1670 acer
964 1605 1032 1669 in
1075 1605 1364 1670 extremis
1409 1609 1648 1672 ossibus
1693 1607 1895 1673 haesit
1939 1628 2131 1676 amor.

682 1704 963 1771 Candida
1008 1707 1196 1772 vestis
1239 1707 1394 1786 erat,
1438 1709 1777 1790 praecincti
1822 1709 1968 1774 flore
2012 1710 2243 1792 capilli,

777 1807 943 1873 flava
987 1809 1368 1874 verecundus
1408 1811 1681 1875 tinxerat
1723 1830 1831 1876 ora
1873 1811 2079 1876 rubor.

383 1908 578 1973 Totus
619 1909 792 1976 locus
836 1911 1084 1993 egregie
1127 1911 1402 1976 concinit
1445 1930 1585 1976 cum
1628 1912 1989 1990 Heliodor03
2036 1913 2207 1992 ade0,
2257 1898 2421 1977 utin
2452 1911 2677 1977 eisdem

381 2010 564 2075 rebus
621 2030 658 2074 a
711 2013 958 2078 servata
1005 2011 1318 2094 Euripidis
1362 2012 1705 2094 Hippolyto
1763 2013 2029 2080 recedat.
2118 2014 2284 2079 Nam
2346 2015 2397 2078 si
2442 2013 2682 2095 Hippo-

381 2111 551 2194 lytus
595 2129 720 2176 non
762 2112 900 2177 tum
935 2113 1202 2194 primum
1236 2130 1533 2178 novercae
1573 2114 1830 2195 placuit,
1876 2115 2358 2179 consentaneum
2404 2116 2498 2178 est
2540 2133 2683 2180 eum

385 2230 505 2278 non
550 2214 621 2277 ut
671 2214 738 2277 in
782 2213 1138 2280 Coronifero
1207 2214 1290 2294 (v.
1337 2215 1419 2279 24
1462 2213 1586 2298 sq.)
1651 2214 1928 2279 Athenas
1992 2214 2073 2280 ad
2140 2215 2465 2280 sollemnia
2504 2214 2685 2278 -cele-

381 2313 621 2380 branda
665 2315 982 2398 migrasse,
1051 2315 1217 2399 quod
1262 2315 1523 2381 Ovidius
1575 2335 1641 2381 re
1698 2336 1843 2381 vera
1900 2335 2025 2381 non
2084 2316 2257 2395 dicit,
2326 2316 2433 2380 sed
2498 2316 2687 2381 antea

383 2416 683 2481 illiciam
729 2417 1181 2482 commoratum
1233 2435 1374 2481 esse.
1465 2417 1662 2497 Quod,
1730 2417 1784 2482 si
1842 2436 2051 2482 omnes
2100 2419 2391 2500 rationeS,
2458 2416 2683 2499 quibus

383 2520 564 2601 poeta
607 2519 886 2601 tragicus
925 2518 1198 2600 potuerit
1237 2537 1367 2583 rem
1419 2518 1764 2595 instituere,
1820 2520 2220 2601 reputaveris,
2288 2520 2467 2583 unice
2510 2535 2683 2582 meae

385 2620 772 2685 coniecturae
837 2638 1190 2684 succurrere
1250 2618 1542 2685 concedes
1595 2619 1662 2682 in
1716 2619 2058 2702 Hippolyto
2100 2619 2323 2685 Velato
2394 2637 2675 2683 scaenam

383 2720 570 2785 fuisse
616 2719 880 2784 Athenis
907 2722 947 2783 ¹.
1035 2712 1174 2784 Iam
1233 2739 1371 2785 cum
1419 2719 1778 2802 Euripidem
1830 2720 1962 2784 illic
2015 2720 2090 2785 de
2133 2719 2461 2803 Hippolyti
2506 2718 2679 2781 cultu

383 2820 622 2904 aliquid
667 2821 972 2886 indicasse
1016 2820 1254 2885 certum
1297 2821 1398 2898 sit,
1465 2821 1585 2886 Leo
1630 2820 1781 2900 (1.1.
1825 2840 1883 2903 p.
1934 2821 2079 2901 177)
2126 2819 2525 2887 existumavit
2570 2817 2683 2883 Se-

384 2939 599 2986 necam
644 2941 700 2987 v.
751 2922 871 2986 651
920 2940 1043 3004 sq.:

683 3023 822 3105 quis
866 3024 1002 3088 tum
1047 3022 1155 3087 ille
1199 3022 1408 3087 fulsit!
1455 3023 1803 3105 presserant
1846 3022 2043 3086 vittae
2087 3039 2328 3086 comam

595 3174 604 3182 ,
683 3124 744 3187 et
788 3142 896 3189 ora
939 3123 1139 3189 flavus
1181 3126 1392 3189 tenera
1434 3124 1766 3207 tinguebat
1810 3122 2009 3205 pudor

381 3224 498 3289 hoc
539 3226 618 3292 ad
665 3228 967 3293 Theseum
1009 3225 1422 3290 transtulisse.
1512 3224 1815 3307 Equidem
1863 3225 2052 3288 nolim
2101 3223 2397 3288 continuo
2443 3222 2681 3302 discep-

380 3327 535 3405 tare,
607 3328 810 3410 quoad
857 3328 1086 3394 Seneca
1135 3328 1214 3393 ad
1253 3326 1456 3410 ipsum
1513 3326 1825 3408 tragicum
1888 3344 1951 3389 se
1994 3323 2437 3399 -adstrinxerit3
2501 3340 2681 3403 prae·

381 3429 596 3493 sertim
639 3448 778 3493 cum
818 3428 1247 3509 Alexandrini,
1300 3428 1369 3491 ut
1413 3428 1510 3511 vir
1555 3427 1773 3491 doctus
1818 3424 2283 3502 animadvertit,
2352 3424 2418 3487 in
2463 3422 2680 3486 Thesei

383 3530 556 3594 cultu
599 3530 974 3594 illustrando
1019 3528 1413 3612 praeiverint.
1499 3528 1663 3592 Nam
1708 3526 1974 3592 Senecae
2022 3545 2267 3589 versum
2312 3525 2463 3590 648:
2506 3522 2679 3587 ‘cum

381 3631 583 3711 prima
636 3650 822 3713 puras
882 3630 1080 3695 barba
1133 3629 1413 3712 signaret
1456 3628 1669 3711 genas'
1733 3627 2062 3691 manifesto
2107 3644 2246 3690 cum
2295 3624 2679 3690 Callimacho

380 3731 500 3815 frg.
545 3732 630 3795 44
673 3750 1008 3814 congruere
1053 3729 1264 3795 Naeke
1329 3728 1432 3807 (de
1478 3728 1633 3793 Call.
1680 3724 1830 3793 He'c.
1881 3747 1937 3809 p.
1985 3728 2094 3805 88)
2164 3726 2401 3789 dudum
2445 3724 2677 3789 docuit.

379 3832 551 3897 Idem
611 3833 745 3897 iure
804 3831 1152 3913 suspicatus
1217 3837 1310 3895 est
1354 3828 1694 3895 Battiaden
1746 3828 1873 3892 iam
1931 3828 2000 3890 ut
2044 3826 2339 3891 Senecam
2393 3830 2474 3901 (v.
2526 3824 2678 3909 654)

380 3935 688 3999 Theseum
720 3952 858 3997 cum
892 3932 1183 4014 Apolline
1213 3949 1599 4013 comparasse
1624 3932 1666 4007 ²,
1713 3938 1788 3993 ne
1825 3929 1931 3993 diu
1964 3927 2252 3991 haeream
2281 3926 2348 3989 in
2369 3926 2679 4009 Apollinis
2791 4023 2797 4029 .

587 4095 604 4125 ¹
643 4093 909 4148 Ovidium
945 4098 1144 4163 utpote
1179 4093 1235 4146 in
1277 4093 1362 4146 his
1387 4092 1554 4146 nebus
1580 4092 1987 4161 neglegentem,
2026 4089 2114 4144 0111
2140 4092 2433 4157 praeterea
2458 4090 2679 4140 servata

379 4180 670 4249 Euripidis
717 4181 910 4236 fabula
958 4200 1084 4236 011111
1130 4182 1298 4235 heroe
1345 4199 1444 4235 suo
1495 4181 1724 4249 proprie
1763 4178 2069 4234 Troezenio
2118 4176 2259 4231 bene
2306 4180 2441 4230 nota
2490 4174 2681 4238 fuerit,

379 4271 497 4325 noli
532 4270 729 4323 mirari
764 4274 961 4339 postea
998 4270 1070 4340 (v.
1118 4270 1240 4338 107)
1277 4269 1592 4323 Phaedram
1633 4267 1912 4335 Troezene
1948 4269 2266 4321 versantem
2304 4262 2542 4333 fingere3
2604 4260 2676 4314 cf.

379 4358 506 4412 Birt
541 4358 577 4412 l.
612 4358 649 4411 1.
686 4375 741 4426 p.
781 4358 903 4411 403.
943 4360 991 4411 2.

583 4448 603 4478 ²
641 4446 702 4499 L.
741 4446 778 4500 l.
817 4464 873 4515 p.
913 4446 981 4499 89
1023 4462 1102 4512 sq.
1178 4444 1260 4497 Cf.
1301 4442 1604 4498 Schneider
1644 4442 1779 4496 Call.
1819 4442 1869 4494 Π
1905 4458 1960 4509 p.
2006 4443 2121 4495 179.
