3157 5028
1592 375 1663 428 96

472 547 706 630 pergit:
770 547 888 633 τῆς
949 542 1021 610 δέ
1075 553 1471 632 παραχρῆμα
1521 540 1639 632 τὴν
1699 543 2065 629 ἐπιθυμίαν
2125 545 2419 634 φαμένης
2478 542 2783 626 τελέσειν,

475 640 652 734 ῥᾴων
696 637 838 732 ἤδη
869 645 1142 732 γέγονεν.
1201 637 1723 732 ἇνακαλεσαμένη
1770 645 1843 711 δέ
1884 645 2001 735 τὴν
2042 640 2243 732 κόρην
2298 646 2785 732 συγκατακλίνει

471 739 777 836 τάδελφῷ
823 749 993 815 κτλ.ι
1037 749 1240 816 Mater
1287 749 1531 814 videtur
1573 748 1640 814 in
1684 749 1988 832 promisso
2034 768 2144 815 suo
2200 748 2571 815 verecundia
2626 767 2785 830 qua-

474 849 621 916 dam
669 851 896 916 sororis
946 851 1597 916 commemorationem
1648 851 2045 933 supprimere,
2113 851 2185 915 ut
2232 850 2523 934 Myrrhae
2572 849 2783 914 nutrix

475 951 618 1030 (Ov.
663 951 706 1016 l.
753 951 795 1016 1.
839 952 964 1016 429
1009 952 1128 1035 sq.)
1176 970 1299 1017 non
1344 971 1498 1018 ausa
1544 954 1638 1017 est
1682 951 1960 1034 parentis
2003 959 2227 1016 nomen
2275 951 2579 1034 proloqui.

674 1051 898 1117 Virum
975 1052 1216 1118 taetrae
1286 1051 1535 1117 libidini
1608 1052 1886 1117 deditum
1960 1052 2023 1118 et
2094 1050 2331 1116 frustra
2392 1051 2783 1116 resistentem

472 1153 624 1219 item
672 1152 952 1234 Clymeni
1000 1153 1216 1220 fabula
1261 1155 1563 1234 ostendit,
1630 1174 1810 1239 quem
1856 1155 2232 1220 Parthenius
2278 1154 2493 1236 (XIII)
2512 1157 2537 1196 2
2581 1153 2781 1220 filiam

473 1252 868 1337 Harpalycen
932 1253 1236 1336 deperisse
1294 1255 1629 1320 memoriae
1680 1255 1916 1338 prodit:
1974 1249 2217 1340 ταύτης
2273 1251 2369 1332 εἶς
2413 1251 2629 1337 ἔρωτα
2674 1249 2783 1320 ἐλ-

474 1348 622 1418 θών
679 1349 913 1437 χρόνον
970 1353 1089 1435 μέν
1141 1376 1284 1418 τινα
1325 1353 1659 1439 ἐκαρτέρει
1700 1353 1811 1420 καὶ
1864 1357 2100 1444 περιῆν
2157 1357 2277 1420 τοῦ
2334 1351 2780 1442 παθήματος·

475 1452 563 1531 ὥς
627 1453 700 1520 δὲ
763 1449 936 1519 πολὺ
1000 1454 1250 1537 μᾶλλον
1306 1446 1512 1520 αότόν
1554 1455 1827 1541 ὑπέρρει
1870 1451 1947 1520 τὸ
1990 1457 2258 1541 νόσημα,
2318 1452 2469 1523 τότε
2513 1452 2621 1522 διὰ
2664 1461 2781 1546 τῆς

470 1558 729 1644 τροφοῦ
773 1551 1329 1641 κατεργασάμενος
1393 1552 1515 1642 τήν
1575 1551 1779 1642 κόρην
1831 1557 2173 1641 λαθραίως
2215 1550 2377 1648 αὐτῇ
2432 1559 2780 1648 συνῆλθεν.

674 1657 1008 1724 contexere
1067 1660 1162 1725 his
1221 1661 1413 1725 etiam
1474 1661 1677 1744 magis
1738 1659 2069 1726 conveniat
2116 1659 2410 1726 Laodices
2462 1661 2779 1741 fabellam,

475 1761 649 1826 cuius
715 1762 935 1826 auctor
995 1760 1158 1844 apud
1213 1761 1624 1826 Parthenium
1678 1751 1897 1842 '(XV1)
1955 1754 2378 1846 ‘Hyrjomaog
2422 1760 2781 1847 (Μιλησια-

472 1869 604 1926 κιῦν
659 1854 722 1944 ά)
786 1862 1117 1928 laudatur:
1179 1861 1418 1947 ἐλέχθη
1481 1860 1553 1926 δέ
1611 1861 1720 1926 καὶ
1776 1861 1933 1946 περὶ
1973 1859 2314 1947 Λαοδίκης
2384 1856 2499 1928 ὅδε
2566 1858 2777 1949 λόγος,

472 1959 566 2041 ὥς
607 1953 735 2046 ι’ίρα
778 1963 1324 2048 παραγενομένων
1368 1962 1482 2030 ἐπὶ
1531 1959 1788 2049 Ἑλένης
1842 1953 2195 2050 ἀπαίτησιν
2236 1958 2610 2053 Διομήδους
2670 1967 2783 2032 καὶ

474 2055 880 2148 Ἀκάμαντος
930 2060 1184 2150 πολλήν
1250 2063 1617 2148 ἐπιθυμίαν
1672 2056 1844 2146 εἶχεν
1904 2066 2163 2151 μιγῆναι
2206 2059 2589 2133 παντάπασι
2655 2066 2779 2153 νέῳ

476 2156 615 2231 ὄντι
658 2157 1059 2249 Ἀκάμαντι·
1126 2166 1235 2231 καὶ
1284 2163 1474 2251 μέχρι
1518 2166 1638 2249 μέν
1679 2190 1857 2244 τινος
1914 2161 2025 2231 ὑπ’
2082 2160 2309 2244 αἰδοῦς
2360 2167 2777 2250 κατέχεσθαι,

477 2262 756 2351 ὕστερον
799 2265 871 2332 δέ
920 2265 1274 2350 νικωμένην
1327 2261 1460 2331 ὑπὸ
1511 2268 1639 2333 τοῦ
1676 2261 1946 2344 πάθους
1984 2259 2561 2333 α’νακοινώσασθαι
2600 2273 2781 2354 Περ-

475 2368 644 2446 σέως
690 2366 938 2452 γυναικὶ
977 2366 1282 2452 (Φιλοβίη
1339 2358 1504 2456 αὐτῇ
1549 2356 1784 2450 ὄνομα)
1830 2367 2233 2450 παρακαλεῖν
2262 2392 2333 2433 τε
2378 2359 2590 2457 αὔτήν
2616 2365 2780 2437 ὅσον

472 2463 597 2535 οὐκ
637 2459 758 2557 ἤδη
800 2468 1170 2557 διοιχομένῃ
1212 2459 1472 2561 ἀρήγειν
1509 2461 1695 2560 αὔτῇ.
1761 2471 2056 2538 Laodices
2095 2470 2309 2553 libido,
2378 2473 2605 2541 illicita
2642 2474 2776 2555 illa,

475 2573 640 2658 quod
684 2574 785 2639 vix
829 2574 1058 2639 attinet
1101 2592 1601 2658 commemorare,
1646 2592 1769 2638 non
1813 2574 2002 2639 semel
2044 2574 2123 2639 ab
2151 2572 2589 2641 Alexandrinis
2630 2594 2779 2642 can-

472 2677 612 2742 tata
655 2695 784 2741 esse
826 2676 1074 2741 videtur
1091 2678 1134 2740 ⁸.

672 2778 836 2843 Hinc
879 2778 1090 2843 autem
1138 2796 1236 2842 me
1282 2780 1575 2843 converto
1621 2777 1701 2843 ad
1731 2777 2059 2843 Periandri
2098 2778 2378 2843 fabulam
2422 2776 2777 2843 accuratius

473 2879 964 2959 examinandam,
1011 2880 1226 2962 utpote
1265 2899 1424 2963 quae
1466 2880 1604 2945 tota
1648 2882 1727 2946 ab
1771 2880 1898 2944 imo
1940 2879 2022 2943 ad
2064 2898 2377 2944 summum
2443 2864 2777 2944 manifesto

678 3169 696 3201 ¹
735 3167 802 3220 In
845 3166 1204 3237 sequentibus
1258 3184 1348 3222 res
1398 3170 1659 3222 contorta
1710 3167 1951 3237 quadam
2002 3167 2383 3237 implicatione
2438 3166 2509 3219 ad
2564 3166 2779 3219 exitum

474 3256 849 3323 adducuntur,
891 3274 1033 3326 quae
1071 3274 1186 3310 non
1225 3260 1343 3311 tam
1379 3257 1693 3328 tragoedia,
1720 3274 1890 3325 quam
1924 3252 2195 3310 ‘novella'
2222 3255 2394 3326 digna
2432 3256 2523 3309 sit.
2578 3253 2778 3308 Rohde

474 3345 651 3415 igitur
707 3345 762 3397 in
821 3362 886 3399 ea
941 3345 1426 3414 commentatione,
1486 3363 1597 3415 qua
1652 3346 1797 3400 hanc
1854 3349 2073 3415 partem
2128 3344 2397 3399 historiae
2454 3343 2777 3397 litterarum

477 3433 815 3489 Graecarum
855 3435 1022 3489 certis
1059 3433 1264 3488 finibus
1305 3434 1762 3489 circumscribere
1801 3438 2031 3489 conatus
2070 3438 2155 3487 est
2194 3432 2637 3502 (Verhandlung.
2676 3431 2778 3508 der

473 3522 646 3578 XXX.
671 3523 945 3593 Versmlg.
975 3523 1224 3579 deutsch.
1255 3522 1458 3577 Philol.
1498 3523 1558 3576 in
1595 3522 1858 3577 Rostock.
1900 3522 2088 3591 Leipz.
2132 3522 2268 3575 1876
2305 3538 2361 3590 p.
2388 3522 2457 3574 55
2490 3520 2597 3591 sq.)
2634 3520 2776 3575 tales

471 3614 921 3668 narratiunculas
959 3613 1165 3667 nollem
1203 3612 1558 3683 neglexisset,
1596 3615 1663 3665 ut
1698 3630 1842 3681 quae
1880 3616 2002 3665 arte
2040 3611 2375 3666 cohaereant
2412 3627 2538 3665 cum
2567 3608 2776 3664 fabulis

473 3701 704 3757 Milesiis
737 3701 828 3756 vel
860 3699 1157 3769 Cypriacis.
1236 3700 1318 3755 Cf.
1357 3700 1536 3756 Suid.:
1575 3700 1845 3773 Ξενοφῶν
1870 3694 2117 3771 Κύπριος
2148 3696 2423 3770 ἱστορικὸς
2458 3690 2775 3769 Κυπριακιὲ·

472 3793 588 3845 ἔστι
625 3790 688 3843 δὲ
727 3793 818 3843 καὶ
855 3785 989 3843 αὐτὰ
1028 3790 1299 3858 ἐρωτικῶν
1333 3788 1663 3845 ὑποθέσεων
1700 3792 1911 3859 ἱστορία
1952 3795 2082 3861 περί
2113 3808 2169 3843 τε
2210 3784 2451 3859 Κινύραν
2488 3792 2579 3841 καὶ
2614 3781 2778 3857 Μύρ-

473 3896 580 3950 ραν
615 3881 706 3931 καὶ
729 3871 968 3933 Ἄδωνιν.
997 3908 1062 3917 -
1089 3877 1288 3933 Obiter
1325 3879 1438 3934 iam
1476 3878 1737 3939 Leutsch,
1776 3878 1984 3933 Rohdii
2022 3878 2393 3944 adversarius,
2437 3878 2498 3931 in
2534 3876 2777 3930 similem

473 3967 808 4022 sententiam
842 3966 1156 4036 disputavit
1193 3967 1254 4035 (l.
1291 3967 1327 4020 l.
1365 3984 1420 4036 p.
1464 3967 1577 4036 70).

413 4046 436 4055 ⁶
677 4056 698 4088 ²
736 4054 946 4124 Capitis
997 4055 1300 4109 indiculus:
1365 4052 1594 4124 Ἱστορεῖ
1625 4052 1925 4127 Εὐφορίων
1966 4059 2138 4127 Θρᾳκὶ
2173 4057 2264 4107 καὶ
2312 4049 2610 4113 Δεκτιὲδας.
2682 4052 2777 4107 Sic

473 4144 593 4198 cod.
629 4142 749 4197 Pal.
789 4142 949 4197 Gale:
1009 4144 1308 4213 Διευχίδας
1365 4143 1458 4213 (cf.
1496 4143 1736 4198 Meinek.
1776 4145 1813 4198 1.
1852 4145 1890 4197 1.
1931 4162 1986 4213 p.
2027 4144 2139 4213 56).
2215 4142 2414 4197 Cobet:
2474 4136 2775 4211 Ἀρητάδας,

475 4232 625 4301 quod
662 4231 910 4285 Hercher
944 4232 1006 4283 in
1045 4235 1265 4285 textum
1302 4231 1532 4300 recepit.
1596 4262 1659 4271 -—
1716 4232 1981 4286 Veterum
2027 4230 2351 4285 testimonia
2397 4230 2471 4285 ad
2511 4230 2655 4284 hanc
2691 4228 2775 4282 fa-

471 4320 662 4374 bulam
700 4320 1044 4389 pertinentia
1081 4319 1360 4390 congessit
1387 4320 1645 4375 Meineke
1668 4321 1729 4389 (l.
1758 4322 1794 4374 1.
1833 4319 1901 4374 cf.
1926 4319 2120 4374 Rohde
2148 4320 2243 4373 Gr.
2269 4319 2430 4374 Rom.
2468 4337 2521 4388 p.
2552 4319 2636 4372 36.
2660 4316 2774 4387 90).

673 4409 695 4440 ³
736 4407 816 4462 Cf.
855 4406 1130 4477 Lycophr.
1171 4409 1333 4463 Alex.
1381 4410 1488 4463 495
1525 4426 1605 4477 sq.
1647 4407 1818 4463 schol.
1892 4409 2149 4463 Meineke
2197 4409 2231 4462 1.
2274 4409 2311 4463 1.
2356 4426 2413 4478 p.
2448 4409 2517 4464 97
2558 4424 2639 4476 sq.
