3157 5028
1555 393 1659 448 100

455 559 627 630 dium
673 564 739 630 in
783 561 1104 630 Phaedrae
1147 563 1413 649 epistula
1459 562 1753 646 fingenda
1814 563 2288 646 exornandaque
2331 561 2544 645 aliqua
2594 563 2761 628 certe

451 685 522 730 ex
588 667 765 748 parte
829 665 1083 730 illorum
1125 665 1506 731 imitatorem
1552 683 1617 729 se
1660 663 2043 746 praestitisse
2071 667 2111 748 ¹,
2176 665 2239 729 et
2284 663 2640 730 Choricium
2685 665 2753 728 in

449 766 727 850 ecphrasi
773 766 1074 832 varianda
1121 765 1580 848 colorandaque
1645 765 1854 830 totum
1898 783 1961 829 se
1999 763 2081 829 ad
2121 764 2612 830 Alexandrinum
2659 765 2756 830 fa-

447 868 632 934 bulae
689 867 1032 933 amatoriae
1075 868 1322 932 schema
1368 867 1801 950 composuisse,
1869 885 2057 949 quam
2099 885 2221 930 non
2266 867 2394 931 iam
2441 867 2759 932 dubitabis

447 969 598 1050 ipsis
647 969 973 1050 Hippolyti
1040 968 1102 1032 et
1156 967 1477 1050 Phaedrae
1530 967 1888 1032 nominibus
1931 967 2238 1032 decorare.
2283 1003 2364 1012 -
2414 966 2514 1032 Ad
2558 968 2758 1034 extre-

450 1087 620 1134 mum
667 1069 874 1134 varios
917 1068 1178 1133 affectus
1223 1069 1508 1146 observa,
1567 1069 1793 1152 quibus
1850 1068 2070 1134 Manto
2118 1069 2257 1151 post
2303 1069 2611 1151 repulsam
2659 1088 2757 1133 ra-

449 1170 638 1253 pitur,
705 1188 928 1251 eosque
972 1188 1183 1233 omnes
1225 1170 1345 1233 huc
1390 1169 1799 1251 erumpentes,
1855 1169 1928 1233 ut
1971 1169 2199 1234 acriter
2244 1170 2647 1235 excandescat
2689 1170 2759 1234 in

449 1272 753 1336 ultionem
799 1270 1088 1335 iuvenilis
1133 1269 1353 1351 fastus,
1398 1269 1506 1352 qui
1551 1270 1687 1335 erat
1729 1269 1992 1334 infestus
2037 1270 2257 1352 prioris
2280 1270 2601 1335 Phaedrae
2624 1270 2756 1335 ani-

450 1393 607 1438 mus.
695 1371 896 1437 Simul
942 1369 1152 1435 Ovidii
1213 1370 1511 1436 memoria
1573 1370 1796 1452 cuique
1860 1370 2138 1436 animum
2204 1373 2426 1453 tanget
2484 1389 2758 1449 causam,

452 1493 575 1556 qua
624 1472 912 1537 Phaedra
968 1471 1328 1554 privignum
1378 1489 1627 1552 pessum
1681 1471 1947 1550 dederit,
2008 1490 2151 1536 cum
2210 1471 2600 1537 dubitatione
2663 1473 2759 1537 ita

451 1572 867 1657 significantis
913 1571 1064 1636 Met.
1109 1571 1250 1646 XV,
1293 1572 1447 1636 503:
1513 1564 1847 1636 ‘indiciine
1908 1572 2080 1636 metu
2146 1571 2367 1655 magia,
2442 1571 2761 1636 offensane

451 1666 848 1756 repulsaeP'2

654 1774 856 1856 Quam
924 1775 1098 1840 nulla
1171 1776 1382 1841 autem
1457 1775 1757 1858 religione
1823 1775 2057 1840 veteres
2131 1774 2509 1865 fabulatores
2586 1775 2760 1841 soliti

451 1877 579 1941 sint
623 1875 881 1942 eandem
944 1876 1365 1942 narrationem
1422 1877 1685 1942 mutatis
1745 1875 2101 1940 nominibus
2164 1875 2532 1955 instaurare,
2601 1876 2759 1942 Par·

655 2107 674 2137 ¹
713 2105 838 2161 Non
874 2123 1004 2159 raro
1043 2104 1318 2173 epistulae
1356 2102 1665 2158 amatoriae
1689 2101 1896 2157 fabulis
1921 2102 2349 2156 romanensibus
2373 2103 2758 2158 intermiscen-

451 2201 573 2265 tur;
632 2212 765 2266 ergo
818 2211 889 2248 ne
938 2209 1209 2248 cessemus
1262 2193 1322 2245 in
1361 2191 1875 2245 Alexandrinorum
1912 2195 1969 2246 et
2002 2191 2381 2246 recentiorum
2418 2193 2759 2261 scriptorum

452 2285 671 2340 scriniis
709 2282 896 2338 Ovidii
935 2281 1278 2350 exemplaria
1315 2279 1603 2350 indagare,
1668 2280 1801 2334 licet
1838 2280 1939 2334 ille
1971 2280 2255 2348 peculiare
2294 2279 2601 2335 Heroidum
2638 2282 2758 2352 epi-

453 2375 732 2429 stularum
791 2389 926 2441 opus
984 2369 1279 2425 novaverit
1338 2366 1432 2438 (cf.
1469 2370 1595 2421 Art.
1635 2369 1755 2423 Am.
1798 2367 1894 2436 111,
1935 2370 2077 2436 346).
2150 2368 2321 2423 Velut
2356 2370 2626 2426 Chaereas
2665 2374 2757 2426 lit-

454 2469 603 2518 teras
651 2462 724 2517 ad
764 2461 1114 2517 Callirrhoen
1151 2476 1386 2519 exarans
1424 2477 1457 2513 a
1496 2459 1798 2514 Charitone
1854 2459 1973 2531 (IV,
2010 2463 2061 2513 4.
2104 2459 2307 2514 Herch.
2347 2460 2399 2513 11
2437 2478 2491 2531 p.
2535 2464 2622 2530 78)
2677 2462 2759 2517 sic

454 2552 816 2607 describitur:
849 2554 1088 2621 Χαιρέας
1116 2581 1174 2590 -—
1201 2542 1365 2616 ἤθελε
1389 2542 1644 2621 γράφειν,
1668 2546 1783 2601 ἀλλ’
1811 2545 1909 2602 οὐκ
1935 2542 2162 2603 ἐδύνατο
2191 2544 2441 2620 δακρύων
2469 2546 2757 2620 ἐπιρρεόν-

451 2659 560 2695 των
596 2646 687 2693 καὶ
723 2640 815 2705 τῆς
843 2638 1032 2710 χειρὸς
1069 2635 1234 2692 αὐτοῦ
1269 2632 1589 2709 τρεμοὺσης.
1662 2638 1811 2693 Naso
1860 2638 2234 2692 scribentibus
2281 2637 2535 2692 heroinis
2593 2638 2756 2692 lacri-

452 2747 673 2784 marum
707 2730 860 2783 rivos
896 2731 1186 2782 manantes
1223 2727 1464 2781 libenter
1501 2726 1727 2797 affingit
1783 2727 1937 2796 (Her.
1973 2726 2075 2795 111,
2114 2729 2164 2781 3.
2202 2726 2326 2795 VII,
2369 2728 2496 2794 1853
2546 2726 2617 2781 cf.
2658 2726 2758 2794 XI,

454 2820 488 2871 3
509 2820 627 2888 sq.).
689 2816 975 2886 Propertii
1014 2821 1204 2871 autem
1229 2817 1511 2871 Arethusa
1548 2816 1693 2870 illud
1732 2833 1965 2871 acumen
1989 2815 2432 2871 Alexandrinum
2472 2815 2756 2884 integrum

452 2906 513 2959 in
551 2923 708 2960 suam
749 2922 867 2959 rem
906 2906 1188 2960 convertit
1225 2905 1289 2973 V,
1329 2907 1378 2957 3.
1421 2908 1454 2960 3
1493 2922 1603 2973 sq.:

853 2996 1015 3065 siqua
1052 3000 1243 3051 tamen
1281 2996 1391 3050 tibi
1430 2996 1648 3051 lecturo
1685 3013 1816 3065 pars
1850 2996 2029 3051 oblita
2066 2994 2235 3064 derit,

951 3084 1090 3138 haec
1123 3084 1232 3139 erit
1269 3101 1299 3138 e
1335 3084 1581 3139 lacrimis
1622 3084 1772 3139 facta
1808 3085 1983 3138 litura
2019 3084 2187 3139 meis:

851 3175 951 3226 aut
987 3171 1148 3240 siqua
1185 3171 1398 3227 incerto
1436 3172 1601 3226 fallet
1636 3177 1693 3227 te
1733 3173 1927 3227 littera
1964 3176 2169 3240 tractu,

952 3261 1114 3331 signa
1146 3278 1303 3315 meae
1338 3260 1571 3315 dextrae
1608 3261 1717 3315 iam
1757 3262 2052 3316 morientis
2090 3264 2273 3315 erunt.

453 3349 668 3405 Deinde
706 3367 736 3404 e
772 3367 835 3404 re
867 3350 977 3403 erit
1011 3350 1284 3404 Paeonem
1320 3351 1734 3417 Amathusium,
1779 3351 2031 3405 incertae
2068 3349 2294 3420 quidem
2333 3348 2537 3403 aetatis
2583 3348 2754 3416 scrip·

452 3443 655 3507 torem,
711 3439 958 3506 laudare,
1019 3443 1217 3508 utpote
1268 3440 1368 3509 qui
1406 3439 1711 3494 Plutarcho
1750 3443 1979 3494 auctore
2024 3438 2207 3505 (Thes.
2247 3455 2293 3492 c.
2329 3438 2457 3509 XX)
2510 3437 2761 3492 narrarit

457 3534 704 3583 maestae
741 3530 1024 3583 Ariadnae
1061 3528 1122 3582 in
1161 3529 1342 3597 Cypro
1383 3528 1566 3582 insula
1604 3529 1834 3583 relictae
1870 3528 2132 3582 mulieres
2188 3526 2479 3597 indigenas
2537 3526 2758 3580 litteras

456 3618 725 3672 obtulisse
760 3616 919 3673 fictas
957 3618 1112 3672 velut
1151 3635 1184 3671 a
1214 3616 1428 3672 Theseo
1467 3617 1538 3671 ad
1572 3635 1699 3672 eam
1735 3618 1931 3671 missas
1975 3610 2304 3688 (γράμματα
2343 3610 2560 3677 πλᾳστὰ
2599 3631 2758 3682 προς-

456 3710 666 3777 φέρειν,
725 3704 798 3766 ὡς
830 3708 926 3760 τοῦ
962 3709 1184 3771 Θησέως
1219 3698 1534 3777 γράφοντος
1569 3702 1742 3779 αὒτῇ).
1816 3706 1907 3759 En
1962 3704 2135 3759 habes
2191 3702 2376 3757 herois
2434 3700 2757 3770 epistulam!

453 3794 741 3849 Phaedrae
779 3799 968 3849 autem
1006 3794 1249 3863 epistula
1286 3793 1562 3849 Ovidiana
1600 3811 1664 3847 eo
1703 3793 1895 3849 differt
1934 3811 1967 3847 a
2002 3792 2234 3861 reliquis
2271 3821 2338 3830 —
2379 3807 2512 3844 nam
2548 3788 2618 3843 de
2655 3788 2759 3842 Pa-

452 3883 592 3936 ridis
634 3882 813 3953 (XVI)
853 3888 909 3938 et
927 3882 1154 3937 Acontii
1180 3882 1334 3953 (XX)
1371 3882 1740 3951 epistularum
1778 3886 2009 3937 auctore
2048 3880 2357 3951 ambigitur
2384 3904 2472 3947 ——,
2508 3876 2657 3946 quod
2698 3877 2760 3931 in

453 3989 520 4026 ea
556 3972 748 4040 puella
785 3976 971 4027 amato
1007 3971 1197 4026 iuveni
1233 3988 1478 4025 amorem
1515 3970 1767 4025 declarat
1806 3975 1864 4026 et
1901 3988 2028 4025 eum
2066 3973 2280 4037 exorat,
2318 3973 2383 4023 ut
2417 3966 2525 4022 sibi
2561 3966 2646 4020 sui
2671 3983 2759 4020 co-

457 4058 610 4126 piam
653 4058 840 4113 faciat.
918 4058 1235 4115 Choricium
1273 4060 1451 4131 igitur
1488 4059 1548 4114 in
1584 4058 1691 4115 hac
1728 4059 2053 4128 quaestione
2091 4058 2209 4112 noli
2243 4056 2407 4126 parvi
2441 4055 2702 4125 pendere.

661 4148 684 4180 ²
726 4146 807 4200 Cf.
844 4165 1013 4217 supra
1063 4165 1119 4217 p.
1160 4150 1245 4216 59,
1301 4166 1411 4218 quo
1461 4148 1586 4203 loco
1632 4164 1941 4217 provocare
1986 4146 2147 4215 potui
2184 4144 2257 4199 ad
2292 4142 2584 4213 Euripidis
2621 4142 2759 4211 Hip-

453 4236 708 4307 polytum
747 4235 818 4291 de
853 4253 1126 4291 novercae
1163 4237 1394 4293 crimine
1432 4236 1696 4307 ambigue
1731 4236 2053 4306 loquentem
2090 4253 2143 4289 v.
2183 4232 2321 4287 1032
2365 4250 2469 4301 sq.:

956 4327 1006 4376 sl
1043 4324 1094 4376 δ’
1131 4320 1231 4390 ἥδε
1269 4325 1609 4396 δειμαίνουσ’
1648 4320 1936 4378 ἀπώλεσεν
1970 4328 2111 4392 βίον,

955 4408 1052 4465 οὐκ
1090 4412 1223 4464 οἶδ’·
1265 4414 1394 4483 ἐμοὶ
1429 4410 1536 4483 γὰρ
1574 4411 1640 4465 οὑ
1674 4417 1841 4483 θέμις
1877 4417 2020 4483 πέρα
2058 4415 2255 4482 λέγειν.

429 4824 818 4999 N
