3157 5028
1450 399 1520 452 47

339 575 642 640 accurate
673 573 1044 656 exprimunt,
1090 573 1254 655 quod
1277 572 1490 636 Venus
1517 572 1585 637 in
1614 571 1941 656 Hippolyti
1971 573 2227 655 prologo
2257 573 2333 638 de
2364 571 2648 638 Phaedra

333 677 472 740 acri
517 674 818 740 desiderio
862 673 1109 755 tepente
1155 675 1374 737 narrat
1421 691 1479 736 v.
1527 674 1609 736 29
1651 691 1776 753 sq.:

641 789 748 854 καὶ
791 789 950 872 πρὶν
990 787 1110 872 μὲν
1155 787 1381 854 ἐλθεῖν
1423 788 1615 875 τήνδε
1658 790 1773 878 γῆν
1824 785 2220 871 Τροιζηνίαν,

643 889 889 973 πέτραν
933 890 1086 972 παρ’
1135 881 1349 972 αὸτήν
1393 883 1741 966 Παλλάδος
1784 883 2113 970 κατόψιον

639 993 755 1081 γῆς
795 991 992 1074 τῆσδε
1037 986 1191 1055 ναὸν
1237 985 1586 1074 Κύπριδος
1633 987 2081 1074 ἐγκαθείσατο,

642 1093 832 1177 ἐρῶσ’
883 1089 1074 1174 ἔρωτ’
1125 1089 1424 1177 ἔκδηλον·
1509 1085 1889 1176 Ἱππολύτῳ
1933 1089 1990 1155 δ’
2038 1087 2154 1156 ἔπι

641 1189 718 1258 τὸ
763 1191 1003 1259 λοιπὸν
1047 1187 1379 1277 ὠνόμαζεν
1425 1188 1742 1277 ἱδρῦσθαι
1786 1183 1975 1258 θεάν.

339 1314 434 1378 De
479 1313 699 1396 templi
744 1315 993 1378 nomine
1038 1313 1330 1379 credibile
1365 1313 1883 1377 commentarium
1913 1311 2266 1376 adhibitum
2298 1303 2453 1386 esse3
2498 1331 2643 1376 nam

335 1414 570 1479 similia
615 1414 956 1478 etiamnum
987 1413 1052 1477 in
1087 1413 1336 1478 scholiis
1367 1416 1452 1492 (v.
1484 1414 1592 1492 30)
1624 1412 1949 1495 leguntur:
1996 1404 2264 1474 ἐκάλεσε
2295 1407 2367 1474 δὲ
2396 1401 2645 1496 Ἀφρο-

338 1514 523 1598 δίτην
567 1512 668 1600 ἐφ’
715 1507 1094 1597 Ἱππολύτῳ
1125 1513 1164 1590 ¹,
1234 1503 1312 1596 ἣν
1371 1511 1479 1576 καὶ
1535 1505 1955 1574 Ἱππολυτίαν
2013 1511 2289 1576 καλοῦσι
2308 1514 2351 1576 ².
2439 1513 2644 1576 Venus

339 1618 551 1681 autem
597 1615 804 1698 pergit
847 1635 904 1680 V.
939 1615 1049 1678 34:
1096 1613 1243 1678 ἐπεὶ
1289 1613 1360 1678 δὲ
1403 1606 1763 1698 Θησεῠςρ
1788 1605 1977 1696 τήνδε
2024 1607 2137 1677 σίν
2180 1607 2454 1694 δάμαρτι
2498 1636 2646 1676 ναυ-

341 1717 569 1782 στολεῖ
612 1711 825 1796 χθόνα
869 1728 956 1798 (v.
1001 1719 1144 1795 36),
1199 1716 1411 1780 eodem
1455 1713 1638 1779 modo
1684 1713 2113 1796 Asclepiades:
2174 1707 2270 1789 εἷς
2322 1713 2645 1798 Τροιζῆνα

339 1817 412 1883 δὲ
477 1813 750 1901 ὕστερον
815 1815 1304 1900 παραγενομένη
1372 1815 1503 1878 κτλ.
1596 1816 1823 1880 Versus
1890 1815 2137 1898 quidem
2203 1815 2345 1880 illos
2393 1817 2643 1879 29—33

338 1921 458 1985 hoc
512 1921 647 1985 loco
711 1921 791 1984 ab
847 1918 1143 2001 Euripide
1199 1918 1460 1999 scriptos
1521 1935 1649 1981 esse
1712 1916 1832 1980 viri
1894 1917 2060 1980 docti
2112 1916 2288 1999 quasi
2347 1936 2469 1981 uno
2538 1935 2641 1981 ore

343 2021 730 2103 negaverunt
747 2025 790 2100 Β,
859 2040 896 2085 a
953 2020 1177 2102 quibus
1231 2019 1337 2101 qui
1394 2037 1516 2082 non
1575 2018 1722 2096 stat,
1791 2037 1929 2082 eum
1976 2037 2133 2101 nego
2179 2018 2369 2082 sobrii
2424 2019 2643 2084 iudicii
2698 2105 2701 2108 ἦ

341 2141 490 2187 esse.
588 2120 965 2204 Supersedeo
1032 2121 1240 2184 autem
1305 2119 1703 2183 decantatam
1777 2119 2200 2200 quaestionem
2266 2123 2641 2205 singillatim

338 2223 697 2287 retractare.
789 2220 1126 2287 Offendunt
1168 2221 1412 2303 praeter
1455 2238 1669 2284 sensus
1716 2238 1836 2284 non
1883 2220 2087 2284 minus
2140 2223 2275 2305 ipsa
2320 2225 2524 2304 verba,
2568 2225 2643 2290 de

340 2324 568 2407 quibus
598 2323 908 2389 Wheeleri
952 2322 1432 2404 disputationem
1481 2322 1797 2402 consulas3
1852 2321 1959 2404 qui
2005 2322 2273 2404 quidem,
2320 2343 2458 2388 cum
2506 2345 2644 2390 ver-

339 2443 482 2489 sum
525 2424 605 2488 29
649 2443 869 2490 sanum
915 2443 1042 2488 esse
1086 2422 1440 2498 contendat,
1499 2423 1851 2505 suspicatur
1892 2415 2429 2505 ‘interpolatorem
2478 2426 2641 2490 hunc

342 2543 590 2591 versum
622 2526 701 2590 ab
731 2525 1072 2607 Hippolyto
1097 2524 1321 2589 Velato
1359 2526 1722 2589 mutuatum
1768 2543 1895 2589 esse
1937 2524 2273 2607 integrum,
2316 2524 2641 2606 sequentes

341 2626 595 2689 30—33
661 2625 922 2690 fortasse
991 2614 1395 2689 decurtatos'.
1500 2624 1729 2688 Mirum
1795 2624 1911 2688 hoc
1973 2624 2269 2706 effugium
2336 2627 2399 2687 et
2464 2624 2643 2689 valde

340 2726 728 2806 suspectum;
787 2724 1128 2790 debuerunt
1173 2724 1335 2789 enim
1380 2724 1459 2789 ad
1502 2723 1847 2789 sanandum
1903 2726 2051 2807 apta
2093 2724 2373 2807 proferri.
2443 2724 2640 2803 Adde,

344 2824 512 2905 quod
569 2823 719 2888 haec
784 2825 1136 2889 coniectura
1201 2827 1367 2889 stare
1426 2825 1660 2909 nequit,
1728 2825 1778 2888 si
1846 2826 2031 2889 antea
2091 2827 2253 2889 recte
2328 2825 2641 2907 disputavi

342 2924 677 3009 Hippolyti
720 2924 928 2989 Velati
991 2944 1277 2990 scaenam
1324 2926 1587 2991 Athenis
1648 2924 1854 2989 fuisse.
1964 2924 2084 2989 Sed
2149 2927 2220 2988 ut
2284 2926 2639 3005 erraverim,

342 3028 558 3091 tamen
601 3026 719 3091 tibi
763 3044 886 3090 non
928 3026 1253 3108 continget
1297 3026 1504 3090 locum
1549 3025 1869 3107 indagare,
1908 3032 2121 3108 'quem
2172 3026 2234 3089 hi
2278 3046 2487 3092 versus
2532 3028 2642 3091 ob-

341 3126 543 3191 tinere
585 3127 920 3209 potuerint.
1007 3127 1174 3191 Nam
1218 3127 1272 3191 si
1315 3127 1627 3192 servatam
1673 3126 2084 3210 Hippolytum
2129 3146 2384 3209 semper,
2430 3127 2503 3191 ut
2530 3146 2645 3209 par

553 3359 572 3390 ¹
609 3359 732 3413 Hoc
774 3376 978 3413 nomen
1021 3377 1171 3414 nunc
1216 3360 1358 3429 lapis
1405 3364 1648 3415 testatur
1690 3358 1752 3411 in
1797 3375 1926 3413 arce
1975 3358 2047 3413 ad
2095 3357 2508 3413 Parthenonem
2558 3360 2643 3413 in-

348 3450 575 3516 ventus3
613 3447 683 3500 cf.
723 3446 1022 3501 Kirchhoff
1056 3448 1112 3502 G.
1155 3448 1195 3501 1.
1230 3450 1298 3501 A.
1333 3448 1360 3501 Ι
1395 3466 1486 3501 no.
1523 3450 1646 3501 212.

547 3536 569 3569 ‘⁸
609 3536 892 3590 Historiae
940 3536 1214 3590 fabularis
1269 3536 1611 3605 compendiis
1662 3534 1950 3603 adspersas
1998 3551 2114 3589 esse
2164 3534 2355 3587 doctas
2410 3533 2640 3587 adnota-

348 3622 528 3677 tiones
565 3640 635 3677 ex
671 3614 1111 3678 commentatore
1153 3629 1370 3693 poetae,
1407 3641 1573 3693 quem
1598 3623 1939 3691 describunt,
1976 3623 2335 3691 depromptas
2362 3622 2640 3677 Schwartz

346 3709 408 3765 in
457 3710 848 3781 dissertatione
895 3712 964 3765 de
1014 3712 1236 3779 Dionys.
1285 3711 1644 3779 Scytobrach.
1695 3711 1903 3780 passim
1950 3711 2145 3780 evicit3
2209 3710 2279 3765 cf.
2327 3711 2445 3765 eius
2492 3729 2639 3767 com-

349 3798 751 3853 mentationem
787 3800 859 3853 de
897 3800 1069 3854 schol.
1107 3800 1265 3853 Hom.
1303 3818 1356 3869 p.
1395 3802 1518 3853 449.

550 3887 576 3919 ⁸
609 3888 828 3941 Primus
879 3892 965 3942 est
1011 3888 1164 3941 Jahn
1232 3889 1489 3957 (Hermes
1525 3888 1576 3942 Π
1615 3906 1670 3958 p.
1710 3888 1860 3957 249),
1913 3888 2056 3943 alter
2109 3886 2368 3942 Schliack
2417 3887 2641 3957 (PhiloL

348 3974 558 4029 XXXV
609 3993 666 4045 p.
707 3978 850 4043 707).
945 3975 1093 4043 Quos
1139 3976 1316 4031 miror
1352 3976 1728 4045 Wheelerum‚
1786 3994 1912 4031 cum
1960 3975 2083 4030 fuse
2128 3976 2277 4030 hunc
2320 3976 2505 4031 locum
2556 3994 2641 4031 re-

347 4066 624 4117 tractaret
664 4063 725 4131 (1.
763 4063 802 4116 1.
840 4080 893 4131 p.
918 4064 988 4116 44
1026 4066 1143 4132 sq.)‚
1177 4081 1291 4118 non
1329 4064 1568 4119 novisse.
1607 4094 1673 4103 -
1710 4063 2149 4132 Adstipulantur
2178 4068 2485 4135 praeterea¹
2506 4065 2642 4119 Bar-

347 4151 511 4205 thold
547 4152 607 4204 in
637 4151 721 4205 ed.
767 4155 824 4205 et
849 4151 1234 4221 Klinkenberg
1257 4153 1349 4220 (de
1373 4152 1569 4222 Eurip.
1596 4152 1740 4221 prol.
1779 4156 1883 4205 art.
1914 4156 1980 4219 ‘et
2018 4151 2220 4221 interp.
2262 4169 2313 4221 p.
2340 4154 2446 4219 12).
2485 4153 2644 4208 ΘῙΟόΙ

349 4236 409 4307 (1.
447 4239 484 4292 l.
520 4256 576 4307 p.
617 4239 712 4307 59)
749 4256 802 4293 ν.
839 4240 1048 4291 29-31
1089 4239 1390 4293 defendens
1447 4257 1558 4293 non
1608 4239 1753 4293 vidit
1798 4238 2061 4294 extremis
2099 4240 2349 4293 versibus
2400 4240 2639 4310 demptis

349 4326 634 4394 prioribus
680 4342 1020 4393 mucronem,
1079 4330 1144 4379 ut
1201 4326 1283 4380 ita
1337 4326 1536 4395 dicam,
1600 4326 1862 4397 defringi.
1946 4329 2089 4381 Arte
2142 4328 2293 4381 enim
2344 4327 2641 4383 cohaerere

349 4414 596 4483 quinque
632 4432 825 4469 versus
860 4414 1122 4469 Wheeler
1157 4416 1556 4486 circumspecte
1592 4415 1871 4485 probavit.
