<?xml version="1.0" encoding="UTF-8"?>
<!DOCTYPE html PUBLIC "-//W3C//DTD XHTML 1.0 Transitional//EN"
    "http://www.w3.org/TR/xhtml1/DTD/xhtml1-transitional.dtd">
<html xmlns="http://www.w3.org/1999/xhtml" xml:lang="en" lang="en">
 <head>
  <title>
</title>
<meta http-equiv="Content-Type" content="text/html;charset=utf-8" />
  <meta name='ocr-system' content='tesseract 3.04.00' />
  <meta name='ocr-capabilities' content='ocr_page ocr_carea ocr_par ocr_line ocrx_word'/>
</head>
<body>
  <div class='ocr_page' id='page_1' title='image "./dehippolytiseur02kalkgoog_0112.png"; bbox 0 0 3157 5028; ppageno 0'>
   <div class='ocr_carea' id='block_1_1' title="bbox 1622 347 1724 400">
    <p class='ocr_par' dir='ltr' id='par_1_1' title="bbox 1622 347 1724 400">
     <span class='ocr_line' id='line_1_1' title="bbox 1622 347 1724 400; baseline 0.02 -2"><span class='ocrx_word' id='word_1_1' title='bbox 1622 347 1724 400; x_wconf 80' lang='lat'><strong>108</strong></span> 
     </span>
    </p>
   </div>
   <div class='ocr_carea' id='block_1_2' title="bbox 517 517 2887 3028">
    <p class='ocr_par' dir='ltr' id='par_1_2' title="bbox 517 517 2887 3028">
     <span class='ocr_line' id='line_1_2' title="bbox 520 517 2827 604; baseline -0.002 -18"><span class='ocrx_word' id='word_1_2' title='bbox 520 522 765 604; x_wconf 91' lang='lat' dir='ltr'><strong>poetam</strong></span> <span class='ocrx_word' id='word_1_3' title='bbox 840 521 1193 586; x_wconf 87' lang='lat' dir='ltr'><strong>Romanum</strong></span> <span class='ocrx_word' id='word_1_4' title='bbox 1259 521 1446 603; x_wconf 88' lang='lat' dir='ltr'><strong>longe</strong></span> <span class='ocrx_word' id='word_1_5' title='bbox 1501 521 1753 603; x_wconf 85' lang='lat' dir='ltr'><strong>lateque</strong></span> <span class='ocrx_word' id='word_1_6' title='bbox 1811 519 2107 584; x_wconf 89' lang='lat' dir='ltr'><strong>diffusum</strong></span> <span class='ocrx_word' id='word_1_7' title='bbox 2170 539 2333 584; x_wconf 90' lang='lat' dir='ltr'><strong>nunc</strong></span> <span class='ocrx_word' id='word_1_8' title='bbox 2393 517 2627 583; x_wconf 89' lang='lat' dir='ltr'><strong>delibo:</strong></span> <span class='ocrx_word' id='word_1_9' title='bbox 2692 537 2827 582; x_wconf 89' lang='lat' dir='ltr'><strong>eam</strong></span> 
     </span>
     <span class='ocr_line' id='line_1_3' title="bbox 519 619 2831 704; baseline -0.001 -19"><span class='ocrx_word' id='word_1_10' title='bbox 519 622 824 690; x_wconf 88' lang='lat' dir='ltr'><strong>rationem</strong></span> <span class='ocrx_word' id='word_1_11' title='bbox 848 671 863 700; x_wconf 93' lang='lat'><strong>,</strong></span> <span class='ocrx_word' id='word_1_12' title='bbox 932 642 1057 704; x_wconf 89' lang='lat' dir='ltr'><strong>qua</strong></span> <span class='ocrx_word' id='word_1_13' title='bbox 1121 621 1363 704; x_wconf 90' lang='lat' dir='ltr'><strong>puellae</strong></span> <span class='ocrx_word' id='word_1_14' title='bbox 1418 621 1659 703; x_wconf 86' lang='lat' dir='ltr'><strong>perdite</strong></span> <span class='ocrx_word' id='word_1_15' title='bbox 1701 621 1985 686; x_wconf 88' lang='lat' dir='ltr'><strong>amantes</strong></span> <span class='ocrx_word' id='word_1_16' title='bbox 2027 621 2093 684; x_wconf 93' lang='lat' dir='ltr'><strong>in</strong></span> <span class='ocrx_word' id='word_1_17' title='bbox 2138 620 2477 684; x_wconf 77' lang='lat' dir='ltr'><strong>solitudine</strong></span> <span class='ocrx_word' id='word_1_18' title='bbox 2520 619 2595 683; x_wconf 90' lang='lat' dir='ltr'><strong>de</strong></span> <span class='ocrx_word' id='word_1_19' title='bbox 2638 619 2831 683; x_wconf 89' lang='lat' dir='ltr'><strong>variis</strong></span> 
     </span>
     <span class='ocr_line' id='line_1_4' title="bbox 525 719 2887 813; baseline -0.002 -25"><span class='ocrx_word' id='word_1_20' title='bbox 525 723 800 788; x_wconf 91' lang='lat' dir='ltr'><strong>consiliis</strong></span> <span class='ocrx_word' id='word_1_21' title='bbox 843 741 1048 788; x_wconf 90' lang='lat' dir='ltr'><strong>secum</strong></span> <span class='ocrx_word' id='word_1_22' title='bbox 1093 722 1414 804; x_wconf 84' lang='lat' dir='ltr'><strong>loquentes</strong></span> <span class='ocrx_word' id='word_1_23' title='bbox 1461 722 1523 786; x_wconf 92' lang='lat' dir='ltr'><strong>et</strong></span> <span class='ocrx_word' id='word_1_24' title='bbox 1567 721 1797 787; x_wconf 82' lang='lat' dir='ltr'><strong>vividis</strong></span> <span class='ocrx_word' id='word_1_25' title='bbox 1841 721 2442 804; x_wconf 76' lang='lat' dir='ltr'><strong>interrogationibus</strong></span> <span class='ocrx_word' id='word_1_26' title='bbox 2486 719 2833 784; x_wconf 89' lang='lat' dir='ltr'><strong>interiectis</strong></span> <span class='ocrx_word' id='word_1_27' title='bbox 2874 803 2887 813; x_wconf 41' lang='lat'><strong>·</strong></span> 
     </span>
     <span class='ocr_line' id='line_1_5' title="bbox 517 821 2831 906; baseline -0.002 -18"><span class='ocrx_word' id='word_1_28' title='bbox 517 823 890 906; x_wconf 90' lang='lat' dir='ltr'><strong>argumenta</strong></span> <span class='ocrx_word' id='word_1_29' title='bbox 945 842 1090 888; x_wconf 90' lang='lat' dir='ltr'><strong>cum</strong></span> <span class='ocrx_word' id='word_1_30' title='bbox 1132 823 1522 905; x_wconf 78' lang='lat' dir='ltr'><strong>argumentis</strong></span> <span class='ocrx_word' id='word_1_31' title='bbox 1566 822 1903 904; x_wconf 80' lang='lat' dir='ltr'><strong>diligenter</strong></span> <span class='ocrx_word' id='word_1_32' title='bbox 1946 822 2382 904; x_wconf 82' lang='lat' dir='ltr'><strong>comparantes</strong></span> <span class='ocrx_word' id='word_1_33' title='bbox 2426 821 2831 903; x_wconf 88' lang='lat' dir='ltr'><strong>inducuntur,</strong></span> 
     </span>
     <span class='ocr_line' id='line_1_6' title="bbox 517 920 2833 1009; baseline -0.002 -21"><span class='ocrx_word' id='word_1_34' title='bbox 517 925 590 988; x_wconf 89' lang='lat' dir='ltr'><strong>ut</strong></span> <span class='ocrx_word' id='word_1_35' title='bbox 633 923 946 1006; x_wconf 84' lang='lat' dir='ltr'><strong>Euripidis</strong></span> <span class='ocrx_word' id='word_1_36' title='bbox 992 923 1272 1009; x_wconf 83' lang='grc' dir='ltr'><strong><em>ῥημάτια</em></strong></span> <span class='ocrx_word' id='word_1_37' title='bbox 1314 922 1606 987; x_wconf 82' lang='grc' dir='ltr'><strong><em>ὁικανικά</em></strong></span> <span class='ocrx_word' id='word_1_38' title='bbox 1649 923 1868 988; x_wconf 85' lang='lat' dir='ltr'><strong>statim</strong></span> <span class='ocrx_word' id='word_1_39' title='bbox 1929 923 2125 988; x_wconf 91' lang='lat' dir='ltr'><strong>menti</strong></span> <span class='ocrx_word' id='word_1_40' title='bbox 2181 922 2533 987; x_wconf 88' lang='lat' dir='ltr'><strong>occurrant.</strong></span> <span class='ocrx_word' id='word_1_41' title='bbox 2622 920 2833 986; x_wconf 88' lang='lat' dir='ltr'><strong>Simili</strong></span> 
     </span>
     <span class='ocr_line' id='line_1_7' title="bbox 518 1023 2833 1106; baseline -0.001 -17"><span class='ocrx_word' id='word_1_42' title='bbox 518 1024 755 1090; x_wconf 91' lang='lat' dir='ltr'><strong>scilicet</strong></span> <span class='ocrx_word' id='word_1_43' title='bbox 807 1025 1292 1106; x_wconf 88' lang='lat' dir='ltr'><strong>amplificatione</strong></span> <span class='ocrx_word' id='word_1_44' title='bbox 1337 1024 1462 1088; x_wconf 89' lang='lat' dir='ltr'><strong>iam</strong></span> <span class='ocrx_word' id='word_1_45' title='bbox 1508 1024 1963 1089; x_wconf 88' lang='lat' dir='ltr'><strong>Alexandrinos</strong></span> <span class='ocrx_word' id='word_1_46' title='bbox 2024 1026 2237 1106; x_wconf 90' lang='lat' dir='ltr'><strong>poetas</strong></span> <span class='ocrx_word' id='word_1_47' title='bbox 2295 1023 2639 1089; x_wconf 89' lang='lat' dir='ltr'><strong>delectatos</strong></span> <span class='ocrx_word' id='word_1_48' title='bbox 2702 1041 2833 1088; x_wconf 89' lang='lat' dir='ltr'><strong>esse</strong></span> 
     </span>
     <span class='ocr_line' id='line_1_8' title="bbox 518 1123 2831 1207; baseline 0 -19"><span class='ocrx_word' id='word_1_49' title='bbox 518 1124 768 1188; x_wconf 84' lang='lat' dir='ltr'><strong>Medeae</strong></span> <span class='ocrx_word' id='word_1_50' title='bbox 832 1126 1105 1189; x_wconf 89' lang='lat' dir='ltr'><strong>amantis</strong></span> <span class='ocrx_word' id='word_1_51' title='bbox 1165 1123 1518 1206; x_wconf 81' lang='lat' dir='ltr'><strong>descriptio,</strong></span> <span class='ocrx_word' id='word_1_52' title='bbox 1598 1143 1786 1207; x_wconf 89' lang='lat' dir='ltr'><strong>quam</strong></span> <span class='ocrx_word' id='word_1_53' title='bbox 1854 1123 2227 1206; x_wconf 88' lang='lat' dir='ltr'><strong>Apollonius</strong></span> <span class='ocrx_word' id='word_1_54' title='bbox 2295 1123 2577 1189; x_wconf 89' lang='lat' dir='ltr'><strong>Rhodius</strong></span> <span class='ocrx_word' id='word_1_55' title='bbox 2639 1123 2831 1188; x_wconf 88' lang='lat' dir='ltr'><strong>tertio</strong></span> 
     </span>
     <span class='ocr_line' id='line_1_9' title="bbox 519 1223 2833 1308; baseline 0 -20"><span class='ocrx_word' id='word_1_56' title='bbox 519 1224 1091 1306; x_wconf 86' lang='lat' dir='ltr'><strong>Argonauticorum</strong></span> <span class='ocrx_word' id='word_1_57' title='bbox 1153 1225 1315 1289; x_wconf 90' lang='lat' dir='ltr'><strong>libro</strong></span> <span class='ocrx_word' id='word_1_58' title='bbox 1389 1225 1783 1308; x_wconf 86' lang='lat' dir='ltr'><strong>interposuit,</strong></span> <span class='ocrx_word' id='word_1_59' title='bbox 1856 1225 2104 1290; x_wconf 82' lang='lat' dir='ltr'><strong>evincit.</strong></span> <span class='ocrx_word' id='word_1_60' title='bbox 2226 1225 2392 1291; x_wconf 88' lang='lat' dir='ltr'><strong>Nam</strong></span> <span class='ocrx_word' id='word_1_61' title='bbox 2457 1223 2833 1306; x_wconf 87' lang='lat' dir='ltr'><strong>Apollonius</strong></span> 
     </span>
     <span class='ocr_line' id='line_1_10' title="bbox 518 1324 2835 1408; baseline -0.001 -17"><span class='ocrx_word' id='word_1_62' title='bbox 518 1327 584 1391; x_wconf 90' lang='lat' dir='ltr'><strong>in</strong></span> <span class='ocrx_word' id='word_1_63' title='bbox 650 1325 800 1407; x_wconf 88' lang='lat' dir='ltr'><strong>ipsis</strong></span> <span class='ocrx_word' id='word_1_64' title='bbox 863 1326 1058 1390; x_wconf 89' lang='lat' dir='ltr'><strong>animi</strong></span> <span class='ocrx_word' id='word_1_65' title='bbox 1113 1344 1324 1391; x_wconf 89' lang='lat' dir='ltr'><strong>amore</strong></span> <span class='ocrx_word' id='word_1_66' title='bbox 1373 1325 1704 1408; x_wconf 88' lang='lat' dir='ltr'><strong>flagrantis</strong></span> <span class='ocrx_word' id='word_1_67' title='bbox 1761 1326 2091 1391; x_wconf 86' lang='lat' dir='ltr'><strong>affectibus</strong></span> <span class='ocrx_word' id='word_1_68' title='bbox 2164 1324 2571 1408; x_wconf 87' lang='lat' dir='ltr'><strong>depingendis</strong></span> <span class='ocrx_word' id='word_1_69' title='bbox 2631 1325 2835 1389; x_wconf 91' lang='lat' dir='ltr'><strong>liben-</strong></span> 
     </span>
     <span class='ocr_line' id='line_1_11' title="bbox 520 1425 2833 1509; baseline 0 -20"><span class='ocrx_word' id='word_1_70' title='bbox 520 1428 614 1490; x_wconf 86' lang='lat' dir='ltr'><strong>ter</strong></span> <span class='ocrx_word' id='word_1_71' title='bbox 679 1427 742 1491; x_wconf 94' lang='lat' dir='ltr'><strong>et</strong></span> <span class='ocrx_word' id='word_1_72' title='bbox 805 1443 914 1507; x_wconf 90' lang='lat' dir='ltr'><strong>pro</strong></span> <span class='ocrx_word' id='word_1_73' title='bbox 990 1426 1160 1508; x_wconf 89' lang='lat' dir='ltr'><strong>epico</strong></span> <span class='ocrx_word' id='word_1_74' title='bbox 1235 1426 1380 1490; x_wconf 89' lang='lat' dir='ltr'><strong>stilo</strong></span> <span class='ocrx_word' id='word_1_75' title='bbox 1449 1426 1804 1509; x_wconf 91' lang='lat' dir='ltr'><strong>immitique</strong></span> <span class='ocrx_word' id='word_1_76' title='bbox 1872 1445 1945 1492; x_wconf 88' lang='lat' dir='ltr'><strong>ac</strong></span> <span class='ocrx_word' id='word_1_77' title='bbox 2013 1426 2203 1492; x_wconf 84' lang='lat' dir='ltr'><strong>feroci</strong></span> <span class='ocrx_word' id='word_1_78' title='bbox 2274 1426 2471 1508; x_wconf 89' lang='lat' dir='ltr'><strong>ipsius</strong></span> <span class='ocrx_word' id='word_1_79' title='bbox 2537 1425 2833 1490; x_wconf 88' lang='lat' dir='ltr'><strong>heroinae</strong></span> 
     </span>
     <span class='ocr_line' id='line_1_12' title="bbox 522 1526 2834 1610; baseline 0 -20"><span class='ocrx_word' id='word_1_80' title='bbox 522 1526 750 1592; x_wconf 88' lang='lat' dir='ltr'><strong>natura</strong></span> <span class='ocrx_word' id='word_1_81' title='bbox 806 1526 1062 1591; x_wconf 88' lang='lat' dir='ltr'><strong>liberius</strong></span> <span class='ocrx_word' id='word_1_82' title='bbox 1111 1527 1437 1610; x_wconf 84' lang='lat' dir='ltr'><strong>evagatur,</strong></span> <span class='ocrx_word' id='word_1_83' title='bbox 1508 1527 1580 1590; x_wconf 92' lang='lat' dir='ltr'><strong>ut</strong></span> <span class='ocrx_word' id='word_1_84' title='bbox 1639 1527 1703 1591; x_wconf 88' lang='lat' dir='ltr'><strong>in</strong></span> <span class='ocrx_word' id='word_1_85' title='bbox 1770 1527 1889 1592; x_wconf 88' lang='lat' dir='ltr'><strong>hac</strong></span> <span class='ocrx_word' id='word_1_86' title='bbox 1944 1547 2009 1592; x_wconf 88' lang='lat' dir='ltr'><strong>re</strong></span> <span class='ocrx_word' id='word_1_87' title='bbox 2068 1528 2298 1606; x_wconf 88' lang='lat' dir='ltr'><strong>studia,</strong></span> <span class='ocrx_word' id='word_1_88' title='bbox 2366 1527 2592 1610; x_wconf 88' lang='lat' dir='ltr'><strong>quibus</strong></span> <span class='ocrx_word' id='word_1_89' title='bbox 2658 1527 2834 1591; x_wconf 89' lang='lat' dir='ltr'><strong>aetas</strong></span> 
     </span>
     <span class='ocr_line' id='line_1_13' title="bbox 519 1628 2836 1711; baseline 0 -20"><span class='ocrx_word' id='word_1_90' title='bbox 519 1628 631 1693; x_wconf 88' lang='lat' dir='ltr'><strong>illa</strong></span> <span class='ocrx_word' id='word_1_91' title='bbox 676 1628 1148 1711; x_wconf 84' lang='lat' dir='ltr'><strong>obsequebatur,</strong></span> <span class='ocrx_word' id='word_1_92' title='bbox 1197 1629 1556 1710; x_wconf 89' lang='lat' dir='ltr'><strong>appareant.</strong></span> <span class='ocrx_word' id='word_1_93' title='bbox 1620 1665 1691 1674; x_wconf 91' lang='lat'><em>-</em></span> <span class='ocrx_word' id='word_1_94' title='bbox 1750 1628 1970 1696; x_wconf 85' lang='lat' dir='ltr'><strong>Medea</strong></span> <span class='ocrx_word' id='word_1_95' title='bbox 2023 1629 2241 1710; x_wconf 88' lang='lat' dir='ltr'><strong>igitur,</strong></span> <span class='ocrx_word' id='word_1_96' title='bbox 2306 1629 2409 1694; x_wconf 91' lang='lat' dir='ltr'><strong>cui</strong></span> <span class='ocrx_word' id='word_1_97' title='bbox 2464 1628 2677 1693; x_wconf 90' lang='lat' dir='ltr'><strong>omnia</strong></span> <span class='ocrx_word' id='word_1_98' title='bbox 2732 1645 2836 1692; x_wconf 88' lang='lat' dir='ltr'><strong>so·</strong></span> 
     </span>
     <span class='ocr_line' id='line_1_14' title="bbox 520 1728 2832 1812; baseline 0 -20"><span class='ocrx_word' id='word_1_99' title='bbox 520 1728 640 1793; x_wconf 88' lang='lat' dir='ltr'><strong>lita</strong></span> <span class='ocrx_word' id='word_1_100' title='bbox 693 1729 993 1810; x_wconf 87' lang='lat' dir='ltr'><strong>serpentis</strong></span> <span class='ocrx_word' id='word_1_101' title='bbox 1045 1729 1231 1812; x_wconf 76' lang='lat' dir='ltr'><strong>igniS,</strong></span> <span class='ocrx_word' id='word_1_102' title='bbox 1297 1729 1405 1812; x_wconf 90' lang='lat' dir='ltr'><strong>qui</strong></span> <span class='ocrx_word' id='word_1_103' title='bbox 1467 1728 1722 1810; x_wconf 86' lang='lat' dir='ltr'><strong>puerulo</strong></span> <span class='ocrx_word' id='word_1_104' title='bbox 1782 1730 1880 1794; x_wconf 88' lang='lat' dir='ltr'><strong>illi</strong></span> <span class='ocrx_word' id='word_1_105' title='bbox 1938 1730 2186 1795; x_wconf 92' lang='lat' dir='ltr'><strong>versuto</strong></span> <span class='ocrx_word' id='word_1_106' title='bbox 2241 1730 2593 1812; x_wconf 89' lang='lat' dir='ltr'><strong>triumphos</strong></span> <span class='ocrx_word' id='word_1_107' title='bbox 2659 1747 2832 1793; x_wconf 91' lang='lat' dir='ltr'><strong>com-</strong></span> 
     </span>
     <span class='ocr_line' id='line_1_15' title="bbox 521 1829 2829 1914; baseline 0 -20"><span class='ocrx_word' id='word_1_108' title='bbox 521 1829 722 1911; x_wconf 90' lang='lat' dir='ltr'><strong>parat,</strong></span> <span class='ocrx_word' id='word_1_109' title='bbox 791 1829 972 1912; x_wconf 88' lang='lat' dir='ltr'><strong>signa</strong></span> <span class='ocrx_word' id='word_1_110' title='bbox 1016 1831 1249 1896; x_wconf 85' lang='lat' dir='ltr'><strong>suffusa</strong></span> <span class='ocrx_word' id='word_1_111' title='bbox 1295 1832 1443 1895; x_wconf 87' lang='lat' dir='ltr'><strong>sunt</strong></span> <span class='ocrx_word' id='word_1_112' title='bbox 1487 1829 1593 1914; x_wconf 89' lang='lat' dir='ltr'><strong>(cf.</strong></span> <span class='ocrx_word' id='word_1_113' title='bbox 1640 1851 1699 1896; x_wconf 89' lang='lat' dir='ltr'><strong>v.</strong></span> <span class='ocrx_word' id='word_1_114' title='bbox 1754 1831 1877 1895; x_wconf 83' lang='lat'><strong>284</strong></span> <span class='ocrx_word' id='word_1_115' title='bbox 1920 1851 2010 1914; x_wconf 92' lang='lat' dir='ltr'><strong>sq.</strong></span> <span class='ocrx_word' id='word_1_116' title='bbox 2065 1832 2188 1896; x_wconf 81' lang='lat'><strong>452</strong></span> <span class='ocrx_word' id='word_1_117' title='bbox 2232 1829 2371 1914; x_wconf 87' lang='lat' dir='ltr'><strong>sq.),</strong></span> <span class='ocrx_word' id='word_1_118' title='bbox 2445 1830 2577 1896; x_wconf 89' lang='lat' dir='ltr'><strong>sola</strong></span> <span class='ocrx_word' id='word_1_119' title='bbox 2622 1849 2829 1895; x_wconf 89' lang='lat' dir='ltr'><strong>secum</strong></span> 
     </span>
     <span class='ocr_line' id='line_1_16' title="bbox 523 1929 2834 2014; baseline 0.002 -22"><span class='ocrx_word' id='word_1_120' title='bbox 523 1929 832 1994; x_wconf 89' lang='lat' dir='ltr'><strong>collocuta</strong></span> <span class='ocrx_word' id='word_1_121' title='bbox 915 1931 1220 2009; x_wconf 87' lang='lat' dir='ltr'><strong>haesitat,</strong></span> <span class='ocrx_word' id='word_1_122' title='bbox 1320 1933 1534 1996; x_wconf 84' lang='lat' dir='ltr'><strong>utru&#39;m</strong></span> <span class='ocrx_word' id='word_1_123' title='bbox 1612 1934 1821 1998; x_wconf 89' lang='lat' dir='ltr'><strong>amato</strong></span> <span class='ocrx_word' id='word_1_124' title='bbox 1908 1932 2138 2014; x_wconf 90' lang='lat' dir='ltr'><strong>hospiti</strong></span> <span class='ocrx_word' id='word_1_125' title='bbox 2221 1930 2433 1996; x_wconf 87' lang='lat' dir='ltr'><strong>faveat</strong></span> <span class='ocrx_word' id='word_1_126' title='bbox 2512 1949 2699 1996; x_wconf 89' lang='lat' dir='ltr'><strong>necne</strong></span> <span class='ocrx_word' id='word_1_127' title='bbox 2774 1951 2834 1997; x_wconf 91' lang='lat' dir='ltr'><strong>v.</strong></span> 
     </span>
     <span class='ocr_line' id='line_1_17' title="bbox 523 2031 2832 2117; baseline 0.002 -24"><span class='ocrx_word' id='word_1_128' title='bbox 523 2031 648 2093; x_wconf 89' lang='lat'><strong>464</strong></span> <span class='ocrx_word' id='word_1_129' title='bbox 679 2032 838 2113; x_wconf 85' lang='lat' dir='ltr'><strong>sq.²;</strong></span> <span class='ocrx_word' id='word_1_130' title='bbox 883 2033 1200 2097; x_wconf 90' lang='lat' dir='ltr'><strong>cruciatur</strong></span> <span class='ocrx_word' id='word_1_131' title='bbox 1243 2034 1517 2116; x_wconf 80' lang='lat' dir='ltr'><strong>somniiS,</strong></span> <span class='ocrx_word' id='word_1_132' title='bbox 1559 2035 1627 2097; x_wconf 90' lang='lat' dir='ltr'><strong>in</strong></span> <span class='ocrx_word' id='word_1_133' title='bbox 1672 2035 1897 2117; x_wconf 92' lang='lat' dir='ltr'><strong>quibus</strong></span> <span class='ocrx_word' id='word_1_134' title='bbox 1942 2035 2225 2098; x_wconf 87' lang='lat' dir='ltr'><strong>Iasonem</strong></span> <span class='ocrx_word' id='word_1_135' title='bbox 2268 2033 2438 2098; x_wconf 88' lang='lat' dir='ltr'><strong>videt</strong></span> <span class='ocrx_word' id='word_1_136' title='bbox 2482 2053 2539 2098; x_wconf 92' lang='lat' dir='ltr'><strong>v.</strong></span> <span class='ocrx_word' id='word_1_137' title='bbox 2564 2034 2689 2098; x_wconf 88' lang='grc'><strong>616</strong></span> <span class='ocrx_word' id='word_1_138' title='bbox 2720 2053 2832 2116; x_wconf 90' lang='lat' dir='ltr'><strong>sq.,</strong></span> 
     </span>
     <span class='ocr_line' id='line_1_18' title="bbox 523 2131 2835 2217; baseline 0.001 -22"><span class='ocrx_word' id='word_1_139' title='bbox 523 2131 874 2213; x_wconf 87' lang='lat' dir='ltr'><strong>experrecta</strong></span> <span class='ocrx_word' id='word_1_140' title='bbox 941 2131 1140 2197; x_wconf 93' lang='lat' dir='ltr'><strong>denuo</strong></span> <span class='ocrx_word' id='word_1_141' title='bbox 1201 2134 1403 2199; x_wconf 89' lang='lat' dir='ltr'><strong>multa</strong></span> <span class='ocrx_word' id='word_1_142' title='bbox 1454 2153 1664 2199; x_wconf 89' lang='lat' dir='ltr'><strong>secum</strong></span> <span class='ocrx_word' id='word_1_143' title='bbox 1708 2135 1842 2217; x_wconf 90' lang='lat' dir='ltr'><strong>ipsa</strong></span> <span class='ocrx_word' id='word_1_144' title='bbox 1884 2135 2095 2202; x_wconf 89' lang='lat' dir='ltr'><strong>locuta</strong></span> <span class='ocrx_word' id='word_1_145' title='bbox 2140 2153 2302 2200; x_wconf 90' lang='lat' dir='ltr'><strong>nova</strong></span> <span class='ocrx_word' id='word_1_146' title='bbox 2344 2133 2604 2199; x_wconf 81' lang='lat' dir='ltr'><strong>consilia</strong></span> <span class='ocrx_word' id='word_1_147' title='bbox 2649 2153 2835 2216; x_wconf 92' lang='lat' dir='ltr'><strong>repu-</strong></span> 
     </span>
     <span class='ocr_line' id='line_1_19' title="bbox 523 2233 2833 2319; baseline 0.001 -23"><span class='ocrx_word' id='word_1_148' title='bbox 523 2235 624 2296; x_wconf 86' lang='lat' dir='ltr'><strong>tat</strong></span> <span class='ocrx_word' id='word_1_149' title='bbox 667 2251 723 2296; x_wconf 76' lang='lat' dir='ltr'><strong>V.</strong></span> <span class='ocrx_word' id='word_1_150' title='bbox 770 2233 888 2296; x_wconf 89' lang='lat'><strong>641</strong></span> <span class='ocrx_word' id='word_1_151' title='bbox 938 2235 1088 2315; x_wconf 82' lang='lat' dir='ltr'><strong>sq.2.</strong></span> <span class='ocrx_word' id='word_1_152' title='bbox 1175 2233 1457 2317; x_wconf 89' lang='lat' dir='ltr'><strong>Denique</strong></span> <span class='ocrx_word' id='word_1_153' title='bbox 1523 2235 1723 2301; x_wconf 85' lang='lat' dir='ltr'><strong>altera</strong></span> <span class='ocrx_word' id='word_1_154' title='bbox 1788 2237 1968 2301; x_wconf 86' lang='lat' dir='ltr'><strong>nocte</strong></span> <span class='ocrx_word' id='word_1_155' title='bbox 2035 2239 2207 2300; x_wconf 88' lang='lat' dir='ltr'><strong>metu</strong></span> <span class='ocrx_word' id='word_1_156' title='bbox 2272 2235 2572 2319; x_wconf 88' lang='lat' dir='ltr'><strong>perculsa,</strong></span> <span class='ocrx_word' id='word_1_157' title='bbox 2634 2236 2833 2300; x_wconf 88' lang='lat' dir='ltr'><strong>amati</strong></span> 
     </span>
     <span class='ocr_line' id='line_1_20' title="bbox 527 2333 2834 2420; baseline 0.003 -25"><span class='ocrx_word' id='word_1_158' title='bbox 527 2333 770 2398; x_wconf 86' lang='lat' dir='ltr'><strong>iuvenis</strong></span> <span class='ocrx_word' id='word_1_159' title='bbox 814 2335 1085 2400; x_wconf 89' lang='lat' dir='ltr'><strong>maxima</strong></span> <span class='ocrx_word' id='word_1_160' title='bbox 1129 2336 1404 2417; x_wconf 84' lang='lat' dir='ltr'><strong>pericula</strong></span> <span class='ocrx_word' id='word_1_161' title='bbox 1458 2336 1727 2402; x_wconf 90' lang='lat' dir='ltr'><strong>subituri</strong></span> <span class='ocrx_word' id='word_1_162' title='bbox 1788 2338 2215 2402; x_wconf 88' lang='lat' dir='ltr'><strong>recordatione</strong></span> <span class='ocrx_word' id='word_1_163' title='bbox 2258 2355 2497 2420; x_wconf 89' lang='lat' dir='ltr'><strong>semper</strong></span> <span class='ocrx_word' id='word_1_164' title='bbox 2541 2339 2834 2402; x_wconf 89' lang='lat' dir='ltr'><strong>revocata</strong></span> 
     </span>
     <span class='ocr_line' id='line_1_21' title="bbox 529 2435 2835 2523; baseline 0.002 -25"><span class='ocrx_word' id='word_1_165' title='bbox 529 2435 726 2498; x_wconf 87' lang='lat' dir='ltr'><strong>somni</strong></span> <span class='ocrx_word' id='word_1_166' title='bbox 774 2453 984 2518; x_wconf 83' lang='lat' dir='ltr'><strong>expers</strong></span> <span class='ocrx_word' id='word_1_167' title='bbox 1027 2437 1226 2501; x_wconf 90' lang='lat' dir='ltr'><strong>multa</strong></span> <span class='ocrx_word' id='word_1_168' title='bbox 1274 2455 1480 2501; x_wconf 91' lang='lat' dir='ltr'><strong>secum</strong></span> <span class='ocrx_word' id='word_1_169' title='bbox 1526 2438 1726 2503; x_wconf 91' lang='lat' dir='ltr'><strong>volvit</strong></span> <span class='ocrx_word' id='word_1_170' title='bbox 1770 2440 1958 2523; x_wconf 91' lang='lat' dir='ltr'><strong>atque</strong></span> <span class='ocrx_word' id='word_1_171' title='bbox 2003 2439 2224 2519; x_wconf 87' lang='lat' dir='ltr'><strong>multa,</strong></span> <span class='ocrx_word' id='word_1_172' title='bbox 2294 2456 2450 2522; x_wconf 89' lang='lat' dir='ltr'><strong>quae</strong></span> <span class='ocrx_word' id='word_1_173' title='bbox 2494 2437 2679 2502; x_wconf 89' lang='lat' dir='ltr'><strong>modo</strong></span> <span class='ocrx_word' id='word_1_174' title='bbox 2723 2456 2835 2519; x_wconf 87' lang='lat' dir='ltr'><strong>ap-</strong></span> 
     </span>
     <span class='ocr_line' id='line_1_22' title="bbox 526 2537 2835 2623; baseline -0 -22"><span class='ocrx_word' id='word_1_175' title='bbox 526 2537 835 2621; x_wconf 85' lang='lat' dir='ltr'><strong>probavit,</strong></span> <span class='ocrx_word' id='word_1_176' title='bbox 907 2557 1046 2603; x_wconf 91' lang='lat' dir='ltr'><strong>mox</strong></span> <span class='ocrx_word' id='word_1_177' title='bbox 1113 2537 1442 2621; x_wconf 88' lang='lat' dir='ltr'><strong>repudians</strong></span> <span class='ocrx_word' id='word_1_178' title='bbox 1506 2540 1723 2623; x_wconf 89' lang='lat' dir='ltr'><strong>itaque</strong></span> <span class='ocrx_word' id='word_1_179' title='bbox 1787 2541 1951 2606; x_wconf 88' lang='lat' dir='ltr'><strong>inter</strong></span> <span class='ocrx_word' id='word_1_180' title='bbox 2004 2540 2180 2607; x_wconf 89' lang='lat' dir='ltr'><strong>varia</strong></span> <span class='ocrx_word' id='word_1_181' title='bbox 2223 2537 2481 2606; x_wconf 87' lang='lat' dir='ltr'><strong>consilia</strong></span> <span class='ocrx_word' id='word_1_182' title='bbox 2524 2538 2835 2603; x_wconf 88' lang='lat' dir='ltr'><strong>fluctuans</strong></span> 
     </span>
     <span class='ocr_line' id='line_1_23' title="bbox 527 2638 2835 2721; baseline 0.001 -20"><span class='ocrx_word' id='word_1_183' title='bbox 527 2657 584 2703; x_wconf 91' lang='lat' dir='ltr'><strong>v.</strong></span> <span class='ocrx_word' id='word_1_184' title='bbox 633 2638 751 2702; x_wconf 86' lang='lat'><strong>741</strong></span> <span class='ocrx_word' id='word_1_185' title='bbox 798 2657 886 2721; x_wconf 87' lang='lat' dir='ltr'><strong>sq.</strong></span> <span class='ocrx_word' id='word_1_186' title='bbox 958 2644 1339 2720; x_wconf 89' lang='lat' dir='ltr'><strong>postremum</strong></span> <span class='ocrx_word' id='word_1_187' title='bbox 1398 2642 1612 2708; x_wconf 89' lang='lat' dir='ltr'><strong>vivido</strong></span> <span class='ocrx_word' id='word_1_188' title='bbox 1666 2660 1942 2707; x_wconf 86' lang='lat' dir='ltr'><strong>sermone</strong></span> <span class='ocrx_word' id='word_1_189' title='bbox 1995 2642 2239 2706; x_wconf 87' lang='lat' dir='ltr'><strong>interno</strong></span> <span class='ocrx_word' id='word_1_190' title='bbox 2294 2640 2523 2705; x_wconf 89' lang='lat' dir='ltr'><strong>crebris</strong></span> <span class='ocrx_word' id='word_1_191' title='bbox 2567 2638 2835 2703; x_wconf 91' lang='lat' dir='ltr'><strong>interro—</strong></span> 
     </span>
     <span class='ocr_line' id='line_1_24' title="bbox 525 2739 2833 2826; baseline 0 -23"><span class='ocrx_word' id='word_1_192' title='bbox 525 2739 884 2823; x_wconf 86' lang='lat' dir='ltr'><strong>gationibus</strong></span> <span class='ocrx_word' id='word_1_193' title='bbox 953 2742 1296 2823; x_wconf 87' lang='lat' dir='ltr'><strong>intercepto</strong></span> <span class='ocrx_word' id='word_1_194' title='bbox 1372 2742 1621 2826; x_wconf 89' lang='lat' dir='ltr'><strong>singula</strong></span> <span class='ocrx_word' id='word_1_195' title='bbox 1687 2743 2062 2823; x_wconf 87' lang='lat' dir='ltr'><strong>argumenta</strong></span> <span class='ocrx_word' id='word_1_196' title='bbox 2146 2740 2431 2823; x_wconf 82' lang='lat' dir='ltr'><strong>expendit</strong></span> <span class='ocrx_word' id='word_1_197' title='bbox 2500 2758 2833 2821; x_wconf 88' lang='lat' dir='ltr'><strong>eorumque</strong></span> 
     </span>
     <span class='ocr_line' id='line_1_25' title="bbox 526 2838 2831 2923; baseline -0 -20"><span class='ocrx_word' id='word_1_198' title='bbox 526 2839 797 2921; x_wconf 88' lang='lat' dir='ltr'><strong>pondera</strong></span> <span class='ocrx_word' id='word_1_199' title='bbox 840 2841 1114 2905; x_wconf 87' lang='lat' dir='ltr'><strong>aurificis</strong></span> <span class='ocrx_word' id='word_1_200' title='bbox 1159 2843 1391 2908; x_wconf 87' lang='lat' dir='ltr'><strong>statera</strong></span> <span class='ocrx_word' id='word_1_201' title='bbox 1437 2842 1770 2921; x_wconf 86' lang='lat' dir='ltr'><strong>examinat,</strong></span> <span class='ocrx_word' id='word_1_202' title='bbox 1832 2843 2026 2907; x_wconf 89' lang='lat' dir='ltr'><strong>donec</strong></span> <span class='ocrx_word' id='word_1_203' title='bbox 2070 2844 2190 2906; x_wconf 92' lang='lat' dir='ltr'><strong>huc</strong></span> <span class='ocrx_word' id='word_1_204' title='bbox 2235 2841 2537 2923; x_wconf 85' lang='lat' dir='ltr'><strong>erumpit:</strong></span> <span class='ocrx_word' id='word_1_205' title='bbox 2588 2838 2831 2922; x_wconf 81' lang='grc' dir='ltr'><strong><em>ἐρρέτω</em></strong></span> 
     </span>
     <span class='ocr_line' id='line_1_26' title="bbox 525 2933 2835 3028; baseline 0 -24"><span class='ocrx_word' id='word_1_206' title='bbox 525 2936 746 3018; x_wconf 76' lang='grc' dir='ltr'><strong><em>αἰδώς,</em></strong></span> <span class='ocrx_word' id='word_1_207' title='bbox 782 2939 1020 3027; x_wconf 74' lang='grc' dir='ltr'><strong><em>ἐρρέτω</em></strong></span> <span class='ocrx_word' id='word_1_208' title='bbox 1053 2933 1286 3028; x_wconf 72' lang='grc' dir='ltr'><em>ἀγλαΐη</em></span> <span class='ocrx_word' id='word_1_209' title='bbox 1317 2964 1375 3008; x_wconf 89' lang='lat' dir='ltr'><strong>v.</strong></span> <span class='ocrx_word' id='word_1_210' title='bbox 1403 2945 1523 3009; x_wconf 87' lang='grc'><strong>785</strong></span> <span class='ocrx_word' id='word_1_211' title='bbox 1549 2963 1639 3026; x_wconf 88' lang='lat' dir='ltr'><strong>sq.</strong></span> <span class='ocrx_word' id='word_1_212' title='bbox 1704 2942 1821 3008; x_wconf 88' lang='lat' dir='ltr'><strong>Sed</strong></span> <span class='ocrx_word' id='word_1_213' title='bbox 1868 2943 2033 3009; x_wconf 89' lang='lat' dir='ltr'><strong>anxii</strong></span> <span class='ocrx_word' id='word_1_214' title='bbox 2080 2944 2275 3009; x_wconf 88' lang='lat' dir='ltr'><strong>animi</strong></span> <span class='ocrx_word' id='word_1_215' title='bbox 2320 2942 2637 3009; x_wconf 85' lang='lat' dir='ltr'><strong>cruciatus</strong></span> <span class='ocrx_word' id='word_1_216' title='bbox 2680 2960 2835 3006; x_wconf 92' lang='lat' dir='ltr'><strong>non-</strong></span> 
     </span>
    </p>
   </div>
   <div class='ocr_carea' id='block_1_3' title="bbox 528 3081 925 3089">
    <p class='ocr_par' dir='ltr' id='par_1_3' title="bbox 528 3081 925 3089">
     <span class='ocr_line' id='line_1_27' title="bbox 528 3081 925 3089; baseline 0 1939"><span class='ocrx_word' id='word_1_217' title='bbox 528 3081 925 3089; x_wconf 95' lang='lat' dir='ltr'><strong> </strong></span> 
     </span>
    </p>
   </div>
   <div class='ocr_carea' id='block_1_4' title="bbox 525 3135 2841 4451">
    <p class='ocr_par' dir='ltr' id='par_1_4' title="bbox 525 3135 2841 4451">
     <span class='ocr_line' id='line_1_28' title="bbox 525 3135 2836 3207; baseline -0.001 -16"><span class='ocrx_word' id='word_1_218' title='bbox 525 3136 938 3191; x_wconf 87' lang='lat' dir='ltr'><strong>Alexandrinos</strong></span> <span class='ocrx_word' id='word_1_219' title='bbox 975 3141 1032 3191; x_wconf 90' lang='lat' dir='ltr'><strong>et</strong></span> <span class='ocrx_word' id='word_1_220' title='bbox 1073 3136 1488 3190; x_wconf 88' lang='lat' dir='ltr'><strong>Alexandrinos</strong></span> <span class='ocrx_word' id='word_1_221' title='bbox 1523 3154 1792 3207; x_wconf 84' lang='lat' dir='ltr'><strong>magnum</strong></span> <span class='ocrx_word' id='word_1_222' title='bbox 1832 3136 2018 3191; x_wconf 85' lang='lat' dir='ltr'><strong>nescio</strong></span> <span class='ocrx_word' id='word_1_223' title='bbox 2078 3135 2231 3205; x_wconf 87' lang='lat' dir='ltr'><strong>quid,</strong></span> <span class='ocrx_word' id='word_1_224' title='bbox 2281 3136 2453 3191; x_wconf 88' lang='lat' dir='ltr'><strong>immo</strong></span> <span class='ocrx_word' id='word_1_225' title='bbox 2500 3136 2836 3189; x_wconf 87' lang='lat' dir='ltr'><strong>immensum</strong></span> 
     </span>
     <span class='ocr_line' id='line_1_29' title="bbox 527 3224 2835 3295; baseline -0.001 -14"><span class='ocrx_word' id='word_1_226' title='bbox 527 3228 794 3281; x_wconf 87' lang='lat' dir='ltr'><strong>interesse</strong></span> <span class='ocrx_word' id='word_1_227' title='bbox 851 3244 942 3281; x_wconf 88' lang='lat' dir='ltr'><strong>eos</strong></span> <span class='ocrx_word' id='word_1_228' title='bbox 989 3244 1318 3295; x_wconf 87' lang='lat' dir='ltr'><strong>persuasum</strong></span> <span class='ocrx_word' id='word_1_229' title='bbox 1366 3225 1545 3279; x_wconf 87' lang='lat' dir='ltr'><strong>habeo</strong></span> <span class='ocrx_word' id='word_1_230' title='bbox 1584 3226 1931 3280; x_wconf 87' lang='lat' dir='ltr'><strong>iudicaturos</strong></span> <span class='ocrx_word' id='word_1_231' title='bbox 1970 3242 2104 3285; x_wconf 87' lang='lat' dir='ltr'><strong>esse,</strong></span> <span class='ocrx_word' id='word_1_232' title='bbox 2163 3224 2261 3293; x_wconf 90' lang='lat' dir='ltr'><strong>qui</strong></span> <span class='ocrx_word' id='word_1_233' title='bbox 2310 3225 2455 3279; x_wconf 85' lang='lat' dir='ltr'><strong>hanc</strong></span> <span class='ocrx_word' id='word_1_234' title='bbox 2492 3229 2716 3293; x_wconf 88' lang='lat' dir='ltr'><strong>partem</strong></span> <span class='ocrx_word' id='word_1_235' title='bbox 2754 3225 2835 3279; x_wconf 91' lang='lat' dir='ltr'><strong>hi·</strong></span> 
     </span>
     <span class='ocr_line' id='line_1_30' title="bbox 529 3314 2787 3383; baseline -0.002 -13"><span class='ocrx_word' id='word_1_236' title='bbox 529 3316 738 3370; x_wconf 89' lang='lat' dir='ltr'><strong>storiae</strong></span> <span class='ocrx_word' id='word_1_237' title='bbox 775 3316 1090 3369; x_wconf 84' lang='lat' dir='ltr'><strong>litterariae</strong></span> <span class='ocrx_word' id='word_1_238' title='bbox 1128 3316 1463 3378; x_wconf 84' lang='lat' dir='ltr'><strong>accuratius,</strong></span> <span class='ocrx_word' id='word_1_239' title='bbox 1504 3333 1674 3383; x_wconf 90' lang='lat' dir='ltr'><strong>quam</strong></span> <span class='ocrx_word' id='word_1_240' title='bbox 1711 3315 1895 3370; x_wconf 88' lang='lat' dir='ltr'><strong>adhuc</strong></span> <span class='ocrx_word' id='word_1_241' title='bbox 1930 3314 2142 3370; x_wconf 82' lang='lat' dir='ltr'><strong>factum</strong></span> <span class='ocrx_word' id='word_1_242' title='bbox 2179 3317 2282 3382; x_wconf 83' lang='lat' dir='ltr'><strong>est,</strong></span> <span class='ocrx_word' id='word_1_243' title='bbox 2322 3314 2787 3368; x_wconf 84' lang='lat' dir='ltr'><strong>examinaverint.</strong></span> 
     </span>
     <span class='ocr_line' id='line_1_31' title="bbox 729 3402 2839 3472; baseline -0.001 -13"><span class='ocrx_word' id='word_1_244' title='bbox 729 3406 749 3437; x_wconf 86' lang='lat'>²</span> <span class='ocrx_word' id='word_1_245' title='bbox 789 3404 1072 3459; x_wconf 86' lang='lat' dir='ltr'><strong>Nonnulla</strong></span> <span class='ocrx_word' id='word_1_246' title='bbox 1118 3405 1226 3459; x_wconf 90' lang='lat' dir='ltr'><strong>hoc</strong></span> <span class='ocrx_word' id='word_1_247' title='bbox 1276 3406 1398 3459; x_wconf 93' lang='lat' dir='ltr'><strong>loco</strong></span> <span class='ocrx_word' id='word_1_248' title='bbox 1447 3422 1571 3459; x_wconf 87' lang='lat' dir='ltr'><strong>eum</strong></span> <span class='ocrx_word' id='word_1_249' title='bbox 1620 3403 1895 3459; x_wconf 88' lang='lat' dir='ltr'><strong>Ovidiana</strong></span> <span class='ocrx_word' id='word_1_250' title='bbox 1943 3403 2206 3472; x_wconf 85' lang='lat' dir='ltr'><strong>Myrrhae</strong></span> <span class='ocrx_word' id='word_1_251' title='bbox 2256 3402 2449 3456; x_wconf 86' lang='lat' dir='ltr'><strong>fabula</strong></span> <span class='ocrx_word' id='word_1_252' title='bbox 2504 3419 2839 3471; x_wconf 86' lang='lat' dir='ltr'><strong>componere</strong></span> 
     </span>
     <span class='ocr_line' id='line_1_32' title="bbox 525 3490 2839 3559; baseline -0.002 -13"><span class='ocrx_word' id='word_1_253' title='bbox 525 3493 676 3548; x_wconf 90' lang='lat' dir='ltr'><strong>licet.</strong></span> <span class='ocrx_word' id='word_1_254' title='bbox 748 3493 947 3548; x_wconf 88' lang='lat' dir='ltr'><strong>Medea</strong></span> <span class='ocrx_word' id='word_1_255' title='bbox 984 3494 1132 3548; x_wconf 89' lang='lat' dir='ltr'><strong>enim</strong></span> <span class='ocrx_word' id='word_1_256' title='bbox 1172 3494 1244 3547; x_wconf 91' lang='lat' dir='ltr'><strong>ad</strong></span> <span class='ocrx_word' id='word_1_257' title='bbox 1280 3510 1529 3547; x_wconf 86' lang='lat' dir='ltr'><strong>sororem</strong></span> <span class='ocrx_word' id='word_1_258' title='bbox 1565 3492 1905 3547; x_wconf 88' lang='lat' dir='ltr'><strong>contendere</strong></span> <span class='ocrx_word' id='word_1_259' title='bbox 1943 3492 2210 3555; x_wconf 84' lang='lat' dir='ltr'><strong>decrevit,</strong></span> <span class='ocrx_word' id='word_1_260' title='bbox 2252 3491 2349 3545; x_wconf 88' lang='lat' dir='ltr'><strong>sed</strong></span> <span class='ocrx_word' id='word_1_261' title='bbox 2388 3491 2447 3543; x_wconf 90' lang='lat' dir='ltr'><strong>in</strong></span> <span class='ocrx_word' id='word_1_262' title='bbox 2484 3490 2605 3559; x_wconf 90' lang='lat' dir='ltr'><strong>ipso</strong></span> <span class='ocrx_word' id='word_1_263' title='bbox 2645 3490 2839 3543; x_wconf 88' lang='lat' dir='ltr'><strong>limine</strong></span> 
     </span>
     <span class='ocr_line' id='line_1_33' title="bbox 525 3576 2840 3650; baseline -0.002 -15"><span class='ocrx_word' id='word_1_264' title='bbox 525 3582 742 3636; x_wconf 87' lang='lat' dir='ltr'><strong>incerta</strong></span> <span class='ocrx_word' id='word_1_265' title='bbox 795 3582 1002 3650; x_wconf 88' lang='lat' dir='ltr'><strong>pendet</strong></span> <span class='ocrx_word' id='word_1_266' title='bbox 1059 3601 1109 3635; x_wconf 90' lang='lat' dir='ltr'><strong>v.</strong></span> <span class='ocrx_word' id='word_1_267' title='bbox 1167 3582 1436 3650; x_wconf 74' lang='lat' dir='ltr'><strong>645,sq.,</strong></span> <span class='ocrx_word' id='word_1_268' title='bbox 1503 3598 1630 3635; x_wconf 89' lang='lat' dir='ltr'><strong>cum</strong></span> <span class='ocrx_word' id='word_1_269' title='bbox 1687 3576 1856 3639; x_wconf 72' lang='grc' dir='ltr'><em>αῖδώς</em></span> <span class='ocrx_word' id='word_1_270' title='bbox 1910 3584 1966 3634; x_wconf 93' lang='lat' dir='ltr'><strong>et</strong></span> <span class='ocrx_word' id='word_1_271' title='bbox 2016 3576 2209 3649; x_wconf 79' lang='grc' dir='ltr'><strong><em>γλυκὺς</em></strong></span> <span class='ocrx_word' id='word_1_272' title='bbox 2258 3583 2451 3649; x_wconf 73' lang='grc' dir='ltr'><strong><em>ἵμερος</em></strong></span> <span class='ocrx_word' id='word_1_273' title='bbox 2508 3596 2559 3630; x_wconf 87' lang='lat' dir='ltr'><strong>v.</strong></span> <span class='ocrx_word' id='word_1_274' title='bbox 2610 3578 2717 3631; x_wconf 85' lang='lat'><strong>653</strong></span> <span class='ocrx_word' id='word_1_275' title='bbox 2780 3595 2840 3631; x_wconf 86' lang='lat' dir='ltr'><strong>se</strong></span> 
     </span>
     <span class='ocr_line' id='line_1_34' title="bbox 526 3666 2835 3742; baseline -0.002 -19"><span class='ocrx_word' id='word_1_276' title='bbox 526 3673 721 3724; x_wconf 85' lang='lat' dir='ltr'><strong>mutuo</strong></span> <span class='ocrx_word' id='word_1_277' title='bbox 761 3670 1118 3742; x_wconf 84' lang='lat' dir='ltr'><strong>impugnent3</strong></span> <span class='ocrx_word' id='word_1_278' title='bbox 1177 3670 1415 3724; x_wconf 86' lang='lat' dir='ltr'><strong>similem</strong></span> <span class='ocrx_word' id='word_1_279' title='bbox 1453 3688 1709 3725; x_wconf 85' lang='lat' dir='ltr'><strong>scaenam</strong></span> <span class='ocrx_word' id='word_1_280' title='bbox 1748 3668 1982 3723; x_wconf 88' lang='lat' dir='ltr'><strong>Ovidius</strong></span> <span class='ocrx_word' id='word_1_281' title='bbox 2021 3667 2291 3723; x_wconf 89' lang='lat' dir='ltr'><strong>describit</strong></span> <span class='ocrx_word' id='word_1_282' title='bbox 2326 3666 2459 3721; x_wconf 89' lang='lat' dir='ltr'><strong>Met.</strong></span> <span class='ocrx_word' id='word_1_283' title='bbox 2499 3666 2569 3736; x_wconf 91' lang='lat' dir='ltr'><strong>X,</strong></span> <span class='ocrx_word' id='word_1_284' title='bbox 2608 3668 2715 3720; x_wconf 86' lang='grc'><strong>456</strong></span> <span class='ocrx_word' id='word_1_285' title='bbox 2753 3684 2835 3735; x_wconf 89' lang='lat' dir='ltr'><strong>sq.</strong></span> 
     </span>
     <span class='ocr_line' id='line_1_35' title="bbox 527 3755 2839 3829; baseline -0.001 -17"><span class='ocrx_word' id='word_1_286' title='bbox 527 3758 623 3828; x_wconf 89' lang='lat' dir='ltr'><strong>(cf.</strong></span> <span class='ocrx_word' id='word_1_287' title='bbox 652 3760 761 3813; x_wconf 89' lang='lat' dir='ltr'><strong>Cir.</strong></span> <span class='ocrx_word' id='word_1_288' title='bbox 787 3760 934 3827; x_wconf 87' lang='lat'>214).</span> <span class='ocrx_word' id='word_1_289' title='bbox 999 3759 1172 3813; x_wconf 88' lang='lat' dir='ltr'><strong>Serva</strong></span> <span class='ocrx_word' id='word_1_290' title='bbox 1210 3759 1389 3813; x_wconf 88' lang='lat' dir='ltr'><strong>claros</strong></span> <span class='ocrx_word' id='word_1_291' title='bbox 1427 3759 1658 3813; x_wconf 90' lang='lat' dir='ltr'><strong>Medeae</strong></span> <span class='ocrx_word' id='word_1_292' title='bbox 1694 3759 1936 3829; x_wconf 88' lang='lat' dir='ltr'><strong>gemitus</strong></span> <span class='ocrx_word' id='word_1_293' title='bbox 1979 3775 2046 3811; x_wconf 84' lang='lat' dir='ltr'><strong>ex</strong></span> <span class='ocrx_word' id='word_1_294' title='bbox 2083 3758 2305 3811; x_wconf 88' lang='lat' dir='ltr'><strong>interno</strong></span> <span class='ocrx_word' id='word_1_295' title='bbox 2328 3755 2586 3811; x_wconf 89' lang='lat' dir='ltr'><strong>cubiculo</strong></span> <span class='ocrx_word' id='word_1_296' title='bbox 2612 3755 2839 3810; x_wconf 85' lang='lat' dir='ltr'><strong>crebros</strong></span> 
     </span>
     <span class='ocr_line' id='line_1_36' title="bbox 525 3843 2841 3917; baseline -0.002 -16"><span class='ocrx_word' id='word_1_297' title='bbox 525 3848 866 3917; x_wconf 87' lang='lat' dir='ltr'><strong>prodeuntes</strong></span> <span class='ocrx_word' id='word_1_298' title='bbox 908 3848 1070 3902; x_wconf 85' lang='lat' dir='ltr'><strong>audit</strong></span> <span class='ocrx_word' id='word_1_299' title='bbox 1106 3866 1156 3900; x_wconf 90' lang='lat' dir='ltr'><strong>v.</strong></span> <span class='ocrx_word' id='word_1_300' title='bbox 1197 3849 1303 3901; x_wconf 86' lang='lat'><strong>664</strong></span> <span class='ocrx_word' id='word_1_301' title='bbox 1339 3866 1438 3917; x_wconf 87' lang='lat' dir='ltr'><strong>sq.,</strong></span> <span class='ocrx_word' id='word_1_302' title='bbox 1493 3852 1558 3901; x_wconf 85' lang='lat' dir='ltr'><strong>ut</strong></span> <span class='ocrx_word' id='word_1_303' title='bbox 1595 3847 1858 3915; x_wconf 85' lang='lat' dir='ltr'><strong>Myrrhae</strong></span> <span class='ocrx_word' id='word_1_304' title='bbox 1910 3846 2107 3899; x_wconf 86' lang='lat' dir='ltr'><strong>nutrix</strong></span> <span class='ocrx_word' id='word_1_305' title='bbox 2145 3864 2198 3899; x_wconf 87' lang='lat' dir='ltr'><strong>v.</strong></span> <span class='ocrx_word' id='word_1_306' title='bbox 2238 3846 2345 3899; x_wconf 84' lang='lat'><strong>382</strong></span> <span class='ocrx_word' id='word_1_307' title='bbox 2381 3861 2461 3912; x_wconf 86' lang='lat' dir='ltr'><strong>sq.</strong></span> <span class='ocrx_word' id='word_1_308' title='bbox 2522 3872 2589 3883; x_wconf 89' lang='lat'><em>-</em></span> <span class='ocrx_word' id='word_1_309' title='bbox 2648 3843 2841 3899; x_wconf 86' lang='lat' dir='ltr'><strong>Ovidii</strong></span> 
     </span>
     <span class='ocr_line' id='line_1_37' title="bbox 529 3931 2840 4005; baseline -0.002 -16"><span class='ocrx_word' id='word_1_310' title='bbox 529 3953 722 3990; x_wconf 87' lang='lat' dir='ltr'><strong>rursus</strong></span> <span class='ocrx_word' id='word_1_311' title='bbox 759 3934 1161 4005; x_wconf 88' lang='lat' dir='ltr'><strong>Euripidisque</strong></span> <span class='ocrx_word' id='word_1_312' title='bbox 1197 3954 1413 3991; x_wconf 88' lang='lat' dir='ltr'><strong>memor</strong></span> <span class='ocrx_word' id='word_1_313' title='bbox 1450 3936 1706 4002; x_wconf 83' lang='lat' dir='ltr'><strong>observa,</strong></span> <span class='ocrx_word' id='word_1_314' title='bbox 1767 3935 2046 4004; x_wconf 91' lang='lat' dir='ltr'><strong>quomodo</strong></span> <span class='ocrx_word' id='word_1_315' title='bbox 2098 3933 2158 3986; x_wconf 90' lang='lat' dir='ltr'><strong>in</strong></span> <span class='ocrx_word' id='word_1_316' title='bbox 2196 3933 2474 4001; x_wconf 89' lang='lat' dir='ltr'><strong>colloquio</strong></span> <span class='ocrx_word' id='word_1_317' title='bbox 2513 3949 2639 3987; x_wconf 89' lang='lat' dir='ltr'><strong>cum</strong></span> <span class='ocrx_word' id='word_1_318' title='bbox 2679 3931 2840 3985; x_wconf 81' lang='lat' dir='ltr'><strong>chal-</strong></span> 
     </span>
     <span class='ocr_line' id='line_1_38' title="bbox 533 4020 2840 4094; baseline -0.003 -15"><span class='ocrx_word' id='word_1_319' title='bbox 533 4025 690 4093; x_wconf 89' lang='lat' dir='ltr'><strong>ciope</strong></span> <span class='ocrx_word' id='word_1_320' title='bbox 728 4043 780 4079; x_wconf 89' lang='lat' dir='ltr'><strong>v.</strong></span> <span class='ocrx_word' id='word_1_321' title='bbox 819 4028 923 4079; x_wconf 84' lang='lat'><strong>674</strong></span> <span class='ocrx_word' id='word_1_322' title='bbox 961 4044 1041 4094; x_wconf 90' lang='lat' dir='ltr'><strong>sq.</strong></span> <span class='ocrx_word' id='word_1_323' title='bbox 1116 4020 1333 4093; x_wconf 83' lang='lat' dir='ltr'><strong>Medea,</strong></span> <span class='ocrx_word' id='word_1_324' title='bbox 1379 4043 1548 4094; x_wconf 89' lang='lat' dir='ltr'><strong>quam</strong></span> <span class='ocrx_word' id='word_1_325' title='bbox 1585 4025 1770 4094; x_wconf 88' lang='lat' dir='ltr'><strong>pudor</strong></span> <span class='ocrx_word' id='word_1_326' title='bbox 1806 4024 2062 4093; x_wconf 86' lang='lat' dir='ltr'><strong>impedit,</strong></span> <span class='ocrx_word' id='word_1_327' title='bbox 2116 4022 2413 4091; x_wconf 88' lang='lat' dir='ltr'><strong>quominus</strong></span> <span class='ocrx_word' id='word_1_328' title='bbox 2450 4021 2510 4074; x_wconf 89' lang='lat' dir='ltr'><strong>in</strong></span> <span class='ocrx_word' id='word_1_329' title='bbox 2547 4020 2840 4074; x_wconf 86' lang='lat' dir='ltr'><strong>audaciam</strong></span> 
     </span>
     <span class='ocr_line' id='line_1_39' title="bbox 529 4110 2839 4185; baseline -0.002 -18"><span class='ocrx_word' id='word_1_330' title='bbox 529 4119 864 4183; x_wconf 89' lang='lat' dir='ltr'><strong>prorumpat</strong></span> <span class='ocrx_word' id='word_1_331' title='bbox 918 4119 976 4169; x_wconf 84' lang='lat' dir='ltr'><strong>et</strong></span> <span class='ocrx_word' id='word_1_332' title='bbox 1025 4114 1356 4184; x_wconf 86' lang='lat' dir='ltr'><strong>praecordia</strong></span> <span class='ocrx_word' id='word_1_333' title='bbox 1410 4115 1542 4185; x_wconf 86' lang='lat' dir='ltr'><strong>igne</strong></span> <span class='ocrx_word' id='word_1_334' title='bbox 1596 4131 1835 4167; x_wconf 89' lang='lat' dir='ltr'><strong>vaesano</strong></span> <span class='ocrx_word' id='word_1_335' title='bbox 1892 4112 2171 4181; x_wconf 88' lang='lat' dir='ltr'><strong>completa</strong></span> <span class='ocrx_word' id='word_1_336' title='bbox 2226 4110 2444 4180; x_wconf 89' lang='lat' dir='ltr'><strong>aperiat</strong></span> <span class='ocrx_word' id='word_1_337' title='bbox 2500 4128 2553 4164; x_wconf 89' lang='lat' dir='ltr'><strong>v.</strong></span> <span class='ocrx_word' id='word_1_338' title='bbox 2594 4110 2693 4163; x_wconf 88' lang='lat'><strong>681</strong></span> <span class='ocrx_word' id='word_1_339' title='bbox 2736 4126 2839 4176; x_wconf 86' lang='lat' dir='ltr'><strong>sq.,</strong></span> 
     </span>
     <span class='ocr_line' id='line_1_40' title="bbox 531 4198 2835 4273; baseline -0.003 -18"><span class='ocrx_word' id='word_1_340' title='bbox 531 4202 704 4256; x_wconf 86' lang='lat' dir='ltr'><strong>vafris</strong></span> <span class='ocrx_word' id='word_1_341' title='bbox 742 4203 928 4257; x_wconf 85' lang='lat' dir='ltr'><strong>verbis</strong></span> <span class='ocrx_word' id='word_1_342' title='bbox 965 4222 1212 4258; x_wconf 88' lang='lat' dir='ltr'><strong>sororem</strong></span> <span class='ocrx_word' id='word_1_343' title='bbox 1251 4221 1315 4257; x_wconf 92' lang='lat' dir='ltr'><strong>eo</strong></span> <span class='ocrx_word' id='word_1_344' title='bbox 1354 4204 1567 4273; x_wconf 89' lang='lat' dir='ltr'><strong>adigat,</strong></span> <span class='ocrx_word' id='word_1_345' title='bbox 1624 4206 1705 4270; x_wconf 91' lang='lat' dir='ltr'><strong>ut,</strong></span> <span class='ocrx_word' id='word_1_346' title='bbox 1767 4202 1918 4271; x_wconf 89' lang='lat' dir='ltr'><strong>quod</strong></span> <span class='ocrx_word' id='word_1_347' title='bbox 1963 4202 2085 4270; x_wconf 89' lang='lat' dir='ltr'><strong>ipsa</strong></span> <span class='ocrx_word' id='word_1_348' title='bbox 2119 4204 2307 4254; x_wconf 85' lang='lat' dir='ltr'><strong>mente</strong></span> <span class='ocrx_word' id='word_1_349' title='bbox 2343 4199 2540 4269; x_wconf 87' lang='lat' dir='ltr'><strong>agitat,</strong></span> <span class='ocrx_word' id='word_1_350' title='bbox 2602 4198 2701 4250; x_wconf 90' lang='lat' dir='ltr'><strong>illa</strong></span> <span class='ocrx_word' id='word_1_351' title='bbox 2742 4214 2835 4250; x_wconf 88' lang='lat' dir='ltr'><strong>ex·</strong></span> 
     </span>
     <span class='ocr_line' id='line_1_41' title="bbox 530 4285 2835 4363; baseline -0.003 -18"><span class='ocrx_word' id='word_1_352' title='bbox 530 4294 771 4360; x_wconf 87' lang='lat' dir='ltr'><strong>promat,</strong></span> <span class='ocrx_word' id='word_1_353' title='bbox 796 4291 1089 4346; x_wconf 87' lang='lat' dir='ltr'><strong>consilium</strong></span> <span class='ocrx_word' id='word_1_354' title='bbox 1109 4310 1308 4363; x_wconf 88' lang='lat' dir='ltr'><strong>nempe</strong></span> <span class='ocrx_word' id='word_1_355' title='bbox 1328 4293 1576 4363; x_wconf 85' lang='lat' dir='ltr'><strong>hospites</strong></span> <span class='ocrx_word' id='word_1_356' title='bbox 1598 4290 1903 4345; x_wconf 87' lang='lat' dir='ltr'><strong>adiuvandi</strong></span> <span class='ocrx_word' id='word_1_357' title='bbox 1922 4308 1975 4344; x_wconf 90' lang='lat' dir='ltr'><strong>v.</strong></span> <span class='ocrx_word' id='word_1_358' title='bbox 1999 4288 2105 4344; x_wconf 85' lang='grc'><strong>693</strong></span> <span class='ocrx_word' id='word_1_359' title='bbox 2125 4305 2206 4357; x_wconf 86' lang='lat' dir='ltr'><strong>sq.</strong></span> <span class='ocrx_word' id='word_1_360' title='bbox 2228 4288 2322 4357; x_wconf 84' lang='lat' dir='ltr'><strong>(cf.</strong></span> <span class='ocrx_word' id='word_1_361' title='bbox 2346 4304 2515 4357; x_wconf 89' lang='lat' dir='ltr'><strong>supra</strong></span> <span class='ocrx_word' id='word_1_362' title='bbox 2534 4304 2589 4357; x_wconf 92' lang='lat' dir='ltr'><strong>p.</strong></span> <span class='ocrx_word' id='word_1_363' title='bbox 2611 4287 2696 4339; x_wconf 84' lang='lat'><strong>34.</strong></span> <span class='ocrx_word' id='word_1_364' title='bbox 2719 4285 2835 4353; x_wconf 82' lang='lat'><strong>72).</strong></span> 
     </span>
     <span class='ocr_line' id='line_1_42' title="bbox 733 4374 1970 4451; baseline 0 -18"><span class='ocrx_word' id='word_1_365' title='bbox 733 4381 754 4412; x_wconf 78' lang='lat'>²</span> <span class='ocrx_word' id='word_1_366' title='bbox 800 4380 882 4433; x_wconf 83' lang='lat' dir='ltr'><strong>Cf.</strong></span> <span class='ocrx_word' id='word_1_367' title='bbox 919 4399 971 4435; x_wconf 86' lang='lat' dir='ltr'><strong>v.</strong></span> <span class='ocrx_word' id='word_1_368' title='bbox 1010 4384 1140 4435; x_wconf 73' lang='lat'><strong>4712</strong></span> <span class='ocrx_word' id='word_1_369' title='bbox 1179 4376 1368 4447; x_wconf 74' lang='grc' dir='ltr'><strong><em>ἐόλητο</em></strong></span> <span class='ocrx_word' id='word_1_370' title='bbox 1405 4375 1539 4435; x_wconf 78' lang='grc' dir='ltr'><strong><em>νόον</em></strong></span> <span class='ocrx_word' id='word_1_371' title='bbox 1572 4374 1970 4451; x_wconf 80' lang='grc' dir='ltr'><strong><em>μελεδήμασιν.</em></strong></span> 
     </span>
    </p>
   </div>
  </div>
 </body>
</html>
