3157 5028
1612 351 1683 406 20

491 521 780 603 privigno
829 541 950 586 non
998 521 1282 586 nocitura
1325 521 1476 599 suo',
1545 540 1726 604 quem
1770 521 1897 585 iam
1942 520 2195 599 dudum,
2262 521 2371 604 qui
2422 521 2544 585 huc
2596 540 2791 605 usque

486 640 587 685 me
643 623 839 687 secuti
895 625 1060 699 sunt,
1129 623 1284 687 mihi
1345 623 1681 689 obicientes
1745 623 1950 688 audio.
2037 623 2299 688 Adscita
2356 623 2492 705 ipsa
2552 624 2787 700 nostra,

487 723 562 786 de
607 741 730 804 qua
772 725 1053 807 quaestio
1100 725 1213 802 est,
1285 722 1629 788 Coroniferi
1694 742 1915 789 scaena
1983 723 2327 788 difficultas
2392 724 2786 806 aliquatenus

487 826 650 888 certe
709 825 1044 907 expeditur.
1154 825 1321 889 Nam
1376 823 1657 890 Phaedra
1724 845 1795 890 ea
1851 825 2100 889 tantum
2168 825 2483 908 intellegit
2545 825 2787 907 pocula,

487 925 710 1006 quibus
740 927 1026 1008 privigno
1061 945 1457 1004 nonnocere,
1505 925 1612 990 sed
1657 926 1775 991 sibi
1818 925 2050 990 mederi
2093 925 2273 1008 velit:
2318 927 2535 990 contra
2579 926 2791 990 nutrix

488 1013 703 1090 nocere
741 1026 897 1090 vult.
959 1027 1078 1092 Sed
1110 1027 1332 1108 pocula
1361 1027 1496 1108 ipsa
1537 1026 1607 1091 in
1644 1027 1971 1108 tragoedia
1999 1027 2489 1108 praetenduntur
2517 1027 2787 1110 tantum,

485 1145 604 1190 non
640 1127 1006 1202 miscentur3
1049 1128 1264 1210 itaque
1307 1127 1530 1206 nescio,
1573 1146 1657 1191 an
1679 1127 1745 1190 in
1775 1127 2195 1191 Alexandrino
2238 1127 2450 1210 aliquo
2495 1127 2785 1205 carmine,

485 1226 566 1290 ad
615 1227 780 1309 quod
823 1228 1163 1293 identidem
1206 1231 1420 1311 postea
1449 1247 1782 1309 recurram,
1828 1229 1945 1294 hoc
1990 1230 2375 1294 contrarium
2420 1229 2611 1294 etiam
2653 1248 2788 1294 am-

485 1328 649 1409 plius
693 1329 784 1393 ita
829 1331 1192 1394 exornatum
1237 1331 1446 1408 fuerit,
1519 1332 1590 1393 ut
1634 1331 1843 1394 nutrix
1894 1350 1963 1396 re
2002 1349 2149 1396 vera
2193 1331 2512 1396 Phaedrae
2566 1331 2787 1413 pocula

485 1429 771 1494 misceret
801 1431 879 1496 ad
911 1431 1181 1496 furorem
1212 1432 1572 1505 sedandum,
1622 1431 1787 1514 quod
1832 1431 2181 1515 simularet;
2230 1451 2372 1497 eum
2415 1431 2621 1513 potius
2666 1430 2788 1513 pri-

487 1531 750 1614 vignum
794 1532 874 1596 iis
913 1531 1183 1596 delenire
1227 1533 1562 1598 studeret¹.
1641 1531 1711 1596 ln
1735 1533 2149 1617 Hippolytum
2181 1533 2472 1598 Velatum
2504 1533 2621 1596 hoc
2664 1550 2786 1596 non

491 1632 798 1714 quadrare
843 1653 982 1698 mox
1028 1633 1284 1700 videbiS.

688 1733 807 1800 Sed
851 1735 924 1799 ut
963 1737 1102 1817 post
1155 1735 1318 1800 hanc
1373 1737 1815 1819 digressionem
1884 1736 1963 1801 ad
2012 1736 2373 1818 Euripidem
2434 1734 2783 1800 redeamus:

486 1835 826 1919 Phaedrae,
875 1855 1013 1901 cum
1047 1837 1122 1902 de
1164 1838 1282 1902 tali
1322 1838 1729 1902 medicamine
1759 1837 2062 1902 nutricem
2095 1836 2470 1918 interpellet,
2518 1856 2587 1901 ex
2617 1835 2789 1900 nulla

492 1937 670 2016 parte
714 1937 844 2000 eius
889 1938 1186 2020 ambiguo
1229 1957 1510 2003 sermone
1553 1939 1819 2020 suspicio
1866 1940 2005 2003 orta
2051 1957 2180 2003 esse
2223 1938 2487 2002 videtur.
2548 1936 2789 2017 Arripit

484 2036 571 2114 id,
614 2056 734 2119 quo
779 2038 898 2103 sibi
942 2057 1054 2102 suo
1098 2039 1231 2103 iure
1275 2039 1542 2103 salutem
1573 2036 1841 2103 allatum
1888 2039 1967 2103 iri
1996 2040 2218 2121 sperat,
2264 2039 2504 2120 reliqua
2534 2037 2785 2102 omnino

487 2156 611 2201 non
655 2157 895 2203 curans.
953 2139 1176 2222 Itaque
1207 2158 1399 2204 unum
1436 2141 1608 2222 patet
1638 2140 1973 2224 refugium,
2020 2141 2210 2222 atque
2249 2139 2313 2202 id
2344 2139 2524 2202 unice
2555 2155 2785 2215 verum,

487 2239 560 2302 ut
589 2258 908 2304 sumamus
932 2240 1286 2304 Phaedram
1329 2241 1562 2323 fingere
1606 2241 1795 2306 istam
1825 2241 2290 2323 simplicitatem
2337 2242 2400 2304 et
2428 2239 2789 2321 intellegere

487 2341 670 2420 nolle,
727 2360 848 2424 quo
895 2341 1158 2405 nutricis
1203 2343 1500 2424 ambigua
1545 2342 1817 2424 quidem,
1882 2341 1986 2406 sed
2032 2341 2489 2406 somniantibus
2536 2339 2788 2404 tantum

489 2443 748 2509 obscura
801 2443 1060 2507 consilia
1117 2443 1397 2508 tendant.
1485 2442 1711 2508 Servat
1763 2443 2029 2527 speciem
2081 2442 2437 2527 pudicitiae,
2506 2442 2787 2507 attamen

487 2546 567 2609 ab
604 2545 773 2609 omni
817 2544 996 2627 culpa
1043 2545 1297 2610 liberari
1356 2546 1591 2627 nequit,
1656 2564 1799 2610 cum
1845 2546 2096 2612 omnino
2152 2543 2231 2609 ad
2288 2542 2550 2608 nutricis
2594 2544 2788 2607 simu-

486 2646 750 2711 lationes
795 2646 1157 2722 descendat3
1219 2646 1382 2728 quod
1445 2649 1518 2710 ut
1560 2647 1772 2729 palam
1828 2648 1937 2712 fiat
1982 2684 2056 2693 ——
2107 2647 2234 2712 noli
2294 2647 2412 2711 hoc
2467 2645 2790 2729 neglegere

484 2783 568 2792 —
591 2747 773 2830 poeta
817 2748 1002 2831 fingit
1026 2749 1375 2813 Phaedram
1419 2749 1550 2814 tam
1583 2749 1851 2814 levicula
1892 2750 1953 2814 et
1996 2749 2247 2815 inutilia
2276 2748 2788 2830 interrogantem.

485 2849 730 2930 Aptum
773 2851 1090 2931 praeterea
1157 2850 1277 2915 sibi
1323 2852 1507 2932 parat
1567 2851 1684 2915 hoc
1731 2851 1913 2915 modo
1958 2850 2294 2916 transitum
2349 2849 2428 2914 ad
2474 2868 2563 2925 ea,
2632 2865 2790 2931 quae

483 2949 860 3031 sequuntur;
906 2951 1129 3031 quibus
1161 2950 1496 3015 dilucidius
1529 2951 1720 3015 etiam
1752 2950 1951 3016 vetita
1972 2970 2127 3033 spes,
2176 2970 2301 3033 qua
2330 2950 2554 3015 mulier
2572 2966 2788 3014 amans

695 3238 714 3269 ¹
752 3238 878 3291 Huc
940 3238 1191 3293 convicia
1256 3240 1496 3293 tendunt
1511 3280 1524 3307 ,
1590 3239 1793 3309 quibus
1854 3238 2181 3307 Propertius
2236 3214 2421 3293 lenam
2480 3236 2790 3308 proscindit

490 3325 557 3393 V,
575 3328 627 3380 5.
652 3328 710 3379 5:
750 3324 936 3381 ‘docta
971 3327 1065 3381 vel
1089 3328 1452 3396 Hippolytum
1476 3328 1680 3381 Veneri
1720 3328 1937 3382 mollire
1973 3324 2305 3397 negantem'.
2363 3327 2693 3382 Remedium
2730 3325 2789 3377 in

489 3420 788 3483 utramque
824 3421 1040 3485 partem
1078 3417 1268 3471 valens
1309 3416 1456 3470 Dido
1506 3415 1787 3487 significat
1834 3416 2018 3487 (Verg.
2058 3419 2197 3471 Aen.
2235 3416 2331 3486 IV,
2370 3418 2476 3471 478
2512 3414 2618 3485 sq.)
2664 3431 2789 3487 eum

489 3521 679 3559 sorore
736 3506 1145 3561 communicans
1201 3524 1259 3560 se
1316 3523 1483 3576 sagae
1532 3524 1639 3575 ope
1692 3508 1844 3560 viam
1889 3506 2184 3573 invenisse,
2244 3522 2387 3574 quae
2436 3504 2543 3558 sibi
2590 3501 2791 3556 reddat

489 3592 734 3647 Aeneam
773 3594 865 3647 vel
904 3612 969 3648 eo
1007 3611 1064 3647 se
1103 3595 1284 3648 solvat
1330 3598 1631 3647 amantem.
1704 3594 2061 3663 Exemplum,
2115 3594 2216 3647 ubi
2270 3593 2530 3663 poculum
2581 3594 2789 3645 amato-

489 3682 636 3735 rium
678 3682 750 3736 ab
788 3683 910 3750 ipsa
943 3682 1199 3748 muliere,
1257 3700 1399 3750 quae
1432 3682 1658 3736 allicere
1697 3682 1836 3750 vult,
1888 3682 2127 3750 bibitur,
2184 3686 2367 3735 exstat
2404 3680 2554 3750 apud
2592 3678 2789 3733 Lucia·

492 3787 626 3823 num
663 3771 811 3825 Dial.
849 3776 1076 3825 meretr.
1116 3774 1165 3824 4.
1239 3771 1637 3824 Alexandrinis
1676 3774 1863 3824 autem
1889 3770 2177 3825 Phaedrae
2214 3786 2369 3823 sacra
2404 3768 2625 3838 magica
2650 3767 2790 3819 bene

486 3858 794 3912 innotuisse
831 3859 1104 3927 Diltheyii
1141 3860 1465 3914 coniectura
1503 3859 1631 3928 (Rh.
1664 3860 1804 3913 Mus.
1838 3858 1994 3913 XXV
2029 3877 2083 3929 p.
2136 3860 2258 3924 157)
2295 3858 2356 3912 in
2382 3858 2604 3927 pictura
2630 3854 2788 3907 Pom-

490 3947 691 4015 peiana
712 3948 898 4014 (Helb.
920 3948 1021 4002 No.
1047 3950 1209 4017 1433)
1232 3948 1563 4018 Phaedram,
1600 3950 1691 4003 cui
1716 3950 1909 4003 nutrix
1935 3966 2002 4003 ex
2030 3948 2265 4001 adverso
2290 3952 2421 4015 stet,
2458 3942 2787 3999 noscendam

487 4054 604 4090 esse
641 4037 700 4089 in
738 4036 947 4091 femina
983 4038 1210 4092 sedente
1247 4038 1510 4106 laqueum
1546 4043 1795 4108 gerente,
1833 4038 2208 4090 instrumenta
2245 4036 2464 4106 magica
2491 4034 2550 4086 in
2575 4034 2787 4083 statun-

491 4125 618 4178 cula
653 4128 710 4178 et
750 4125 1022 4194 amphora
1060 4127 1179 4181 11110
1217 4127 1460 4196 depicta,
1505 4127 1658 4180 ultro
1694 4126 2006 4195 probasset,
2050 4126 2102 4180 si·
2134 4128 2290 4179 certa
2327 4126 2485 4177 esset.
2558 4118 2791 4171 Errasse

488 4213 676 4266 virum
711 4214 958 4282 doctum,
1007 4232 1133 4268 cum
1175 4216 1411 4269 alteram
1461 4215 1739 4283 picturam
1786 4215 1846 4267 in
1884 4214 2142 4267 Palatino
2196 4217 2414 4265 erutam
2461 4208 2641 4263 eidem
2675 4221 2791 4259 ma-

487 4304 666 4356 teriae
699 4302 1015 4357 vindicaret
1041 4304 1099 4371 (1.
1127 4304 1206 4373 1.),
1242 4304 1546 4358 novissima
1583 4304 1839 4372 picturae
1876 4302 2051 4356 editio
2072 4301 2224 4355 Mon.
2260 4300 2389 4355 dell’
2428 4299 2561 4355 Inst.
2586 4295 2685 4364 XI,
2721 4294 2790 4346 23

489 4390 680 4445 vincit.
