3157 5028
1558 375 1659 426 102

655 547 886 611 Verum
933 547 1050 610 hoc
1093 546 1228 611 loco
1269 546 1603 628 dissipatas
1647 545 2105 610 observationes
2150 545 2520 609 concludens
2562 563 2756 607 unum

455 649 678 712 notatu
723 647 984 730 dignum
1033 647 1230 712 denuo
1275 647 1536 730 tangam
1582 665 1823 710 necesse
1868 646 1993 710 est:
2050 647 2331 710 animum
2372 645 2618 709 libidini
2664 663 2760 708 re-

455 751 797 815 luctantem
821 750 1074 833 eiusque
1104 750 1284 832 quasi
1319 749 1612 814 naturam
1659 749 1720 812 et
1752 749 1877 812 vim
1923 748 2101 812 anxie
2144 746 2364 812 rimari
2410 765 2484 812 ac
2518 747 2760 811 ratione

455 852 741 936 frangere
784 854 1158 925 conantem;
1227 851 1292 914 in
1337 868 1458 933 quo
1504 848 1893 932 depingendo
1940 849 2207 913 maxime
2250 849 2413 930 apud
2464 847 2757 913 Ovidium

453 953 671 1034 utpote
711 953 1054 1016 uberiorem
1099 953 1367 1033 poetam,
1415 951 1515 1015 cui
1549 949 1881 1014 nonnullas
1920 950 2422 1015 narratiunculas
2452 949 2760 1030 subiunxi,

455 1052 769 1135 Euripidis
826 1053 1266 1118 auctoritatem
1311 1051 1518 1134 detegi
1561 1069 1737 1133 posse
1786 1050 2159 1134 significavi.
2247 1051 2445 1133 Atqui
2512 1051 2578 1114 in
2641 1051 2761 1114 hac

456 1175 522 1218 re
565 1154 724 1217 nihil
775 1172 922 1217 sane
983 1154 1103 1231 est,
1172 1152 1336 1235 quod
1391 1151 1745 1225 demireris3
1810 1151 2105 1233 quoniam
2151 1151 2477 1234 Euripides
2522 1151 2761 1233 primus

457 1273 730 1321 amorem
777 1253 1055 1318 omnium
1106 1254 1300 1318 animi
1350 1253 1890 1334 perturbationum
1936 1252 2543 1317 vehementissimam
2587 1251 2763 1316 solli·

457 1357 579 1420 cite
647 1354 721 1419 de
785 1374 849 1419 se
911 1355 1042 1436 ipso
1117 1339 1673 1436 argumentantem
1730 1353 1792 1418 et
1851 1355 2156 1435 tanquam
2223 1353 2318 1417 sui
2382 1353 2502 1417 sibi
2568 1353 2764 1416 ratio-

458 1476 596 1521 nem
635 1455 888 1520 reddere
931 1455 1284 1520 studentem
1326 1455 1393 1518 in
1436 1471 1721 1518 scaenam
1767 1454 2021 1518 deduxit
2085 1454 2339 1518 minime
2398 1453 2645 1535 quidem
2692 1471 2761 1518 eo

457 1576 657 1634 sensu,
703 1557 774 1620 ut
822 1556 993 1622 recta
1037 1555 1199 1632 ratio
1245 1555 1575 1619 libidinum
1621 1555 1925 1636 impetum
1974 1554 2304 1632 cohiberet,
2346 1554 2413 1617 id
2458 1554 2623 1637 quod
2667 1553 2764 1617 fa-

459 1661 664 1722 cetum
718 1657 902 1722 illum
960 1656 1264 1721 comicum
1307 1656 1750 1721 Atheniensem
1802 1655 1895 1720 ad·
1936 1655 2337 1720 deridendum
2393 1654 2532 1738 plus
2574 1655 2763 1720 semel

457 1757 794 1823 inliciebat.
903 1758 1125 1840 Itaque
1189 1757 1332 1822 inde
1395 1758 1474 1821 ab
1541 1756 1838 1837 Euripide
1902 1756 2037 1820 toto
2104 1774 2327 1839 genere
2379 1756 2763 1820 disiunctum

459 1860 756 1924 habemus
797 1877 1072 1924 amorem
1116 1876 1359 1922 merum
1404 1876 1648 1921 sensum
1696 1857 1758 1922 et
1802 1875 2077 1922 amorem
2120 1857 2313 1921 animi
2357 1857 2597 1922 motum
2629 1876 2765 1939 per-

458 1959 804 2041 turbatum,
871 1977 992 2043 quo
1057 1959 1413 2031 accuratius
1487 1977 1675 2041 quam
1742 1959 2089 2040 elegantius
2136 1958 2407 2022 Bulweri
2461 1958 2763 2023 iudicium

460 2060 830 2125 adumbrare
875 2061 1134 2126 conatus
1179 2079 1316 2124 sum
1338 2058 1377 2124 ¹.
1431 2093 1516 2103 -—
1560 2061 1769 2141 Atque
1811 2060 1928 2123 hac
1973 2059 2402 2124 observatione
2446 2059 2634 2124 simul
2677 2059 2763 2124 eis

461 2159 884 2225 dubitationes
929 2160 1174 2224 evulsas
1219 2160 1360 2224 volo
1383 2210 1399 2241 ,
1466 2160 1574 2242 qui
1632 2159 2058 2241 praeiudicata
2102 2161 2165 2224 et
2207 2161 2485 2241 captiosa
2528 2178 2763 2241 semper

459 2260 527 2325 in
588 2260 684 2324 his
743 2261 925 2325 rebus
990 2261 1279 2342 opinione
1345 2260 1799 2342 circumscripti
1862 2279 1935 2325 ac
1987 2261 2227 2342 decepti
2278 2261 2356 2325 ad
2401 2260 2765 2343 explicanda

463 2362 588 2426 ista
635 2364 1002 2428 ornamenta
1057 2361 1319 2426 naturae
1379 2362 1557 2444 quasi
1614 2361 1799 2426 fidem
1861 2362 2167 2427 testentur
2231 2362 2362 2426 stili
2422 2379 2766 2444 congruen-

461 2463 618 2528 tiam
667 2463 1064 2548 neglegentes
1078 2465 1122 2527 2.
1211 2464 1311 2527 An
1371 2481 1516 2528 casu
1573 2462 1847 2528 evenisse
1892 2462 2184 2545 opinaris,
2228 2463 2300 2527 ut
2344 2463 2411 2528 in
2456 2463 2765 2528 similibus

463 2565 738 2648 antiquis
786 2566 1017 2631 fabulis
1071 2566 1270 2648 iisque
1323 2564 1536 2629 liberis
1582 2564 1660 2628 ab
1708 2564 2026 2646 Euripidis
2073 2565 2453 2630 auctoritate
2495 2582 2618 2629 non
2662 2584 2765 2629 oc·

465 2668 718 2730 currant
761 2668 992 2731 similia
1016 2672 1046 2731 Ρ
1134 2667 1441 2731 Pindarus
1485 2668 1666 2741 certe,
1717 2666 1824 2748 qui
1868 2666 2117 2731 uberius
2147 2666 2525 2749 Hippolytae
2548 2666 2765 2731 Acasti

463 2767 669 2831 uxoris
723 2766 1174 2833 clandestinam
1218 2768 1539 2832 libidinem
1585 2766 1880 2849 dolosque
1939 2769 2211 2845 cantat³,
2278 2768 2395 2831 sibi
2460 2768 2767 2849 temperat

465 2868 542 2931 ab
595 2869 710 2933 hac
770 2869 1271 2952 amplificatione.
1357 2868 1575 2951 Neque
1640 2868 1863 2953 Myrtis
1926 2868 2195 2950 poetria,
2262 2869 2437 2933 cuius
2497 2869 2765 2934 similem

476 3017 608 3025 .———

671 3080 689 3111 ¹
725 3077 872 3131 ‘The
918 3079 1246 3133 distinction
1300 3080 1553 3134 between
1604 3081 1732 3135 love
1787 3099 1847 3135 as
1897 3100 1931 3135 a
1989 3081 2214 3150 passion
2272 3082 2384 3135 and
2438 3082 2567 3137 love
2620 3100 2682 3136 as
2736 3101 2769 3137 a

466 3162 828 3235 sentiment'3
879 3167 963 3222 =0f.
1005 3167 1203 3221 Rohde
1251 3169 1286 3221 l.
1325 3169 1359 3221 l.
1415 3186 1471 3237 p.
1513 3172 1600 3223 55.
1638 3174 1689 3223 4.
1764 3170 1831 3223 E.
1874 3170 2112 3225 Mueller
2149 3170 2343 3224 Gesch.
2383 3170 2436 3224 d.
2474 3170 2673 3225 Theor.
2714 3171 2765 3225 d.

464 3257 651 3310 Kunst
686 3256 740 3309 b.
781 3256 832 3310 d.
873 3256 990 3309 Alt.
1029 3255 1056 3307 I
1091 3272 1146 3323 p.
1187 3255 1287 3309 148
1326 3274 1404 3325 sq.
1449 3287 1514 3296 ——-
1553 3258 1921 3311 Fabulatores
1960 3275 2181 3326 quoque
2206 3258 2615 3313 Alexandrinos
2654 3264 2767 3313 tra-

463 3345 578 3415 gici
628 3346 881 3413 exemplo
929 3362 1055 3398 usos
1102 3346 1340 3399 amentis
1388 3346 1562 3400 animi
1620 3346 2036 3415 perturbationi
2094 3341 2263 3399 νόσου
2316 3366 2519 3402 nomen
2575 3349 2769 3403 indere

467 3434 929 3487 animadvertisti.
1002 3436 1082 3486 At
1120 3451 1268 3498 cave,
1307 3451 1378 3487 ne
1415 3434 1545 3488 inde
1586 3451 1709 3487 cum
1732 3434 1954 3489 Rohdio
1994 3434 2112 3504 (1.].
2139 3452 2193 3504 p.
2214 3437 2326 3505 28),
2364 3438 2454 3491 cui
2474 3436 2769 3509 Limburg-

465 3523 732 3577 Brouwer
776 3522 1034 3591 (histoire
1071 3523 1140 3576 de
1177 3524 1233 3577 la
1271 3523 1468 3577 civilis.
1514 3524 1566 3577 d.
1608 3524 1776 3578 Grecs
1816 3525 1843 3577 I
1880 3542 1934 3593 p.
1977 3526 2101 3594 151)
2153 3525 2417 3593 praeivit,
2474 3528 2769 3581 concludas

468 3612 706 3665 Graecos
745 3611 1051 3679 quemlibet
1088 3629 1333 3665 amorem
1382 3630 1486 3681 pro
1526 3612 1787 3667 morboso
1828 3613 2001 3666 animi
2035 3612 2238 3667 affectu
2276 3614 2552 3669 habuisse.
2626 3616 2770 3669 Nam

465 3699 583 3752 fere
631 3700 691 3751 in
743 3699 1000 3753 omnibus
1055 3700 1142 3753 his
1199 3701 1468 3769 exemplis
1520 3701 1711 3770 agitur
1761 3701 1830 3754 de
1883 3701 2147 3770 cupidine
2196 3706 2431 3756 naturae
2480 3721 2771 3759 morumve

466 3787 683 3856 legibus
720 3792 1105 3857 repugnante3
1166 3807 1236 3842 ne
1275 3793 1508 3858 excepto
1549 3789 1777 3858 quidem
1814 3790 2072 3843 Herculis
2110 3792 2170 3844 in
2206 3790 2361 3845 Iolen
2409 3810 2615 3860 amore,
2672 3793 2769 3861 qui

469 3876 764 3929 Deianirae
788 3876 1018 3930 illicitus
1043 3876 1223 3931 videri
1251 3878 1461 3932 debuit.
1520 3877 1734 3945 Quibus
1774 3880 1822 3932 si
1857 3880 2023 3948 plura
2062 3884 2357 3933 contexere
2390 3880 2661 3949 studeam,
2699 3881 2771 3935 dc

467 3965 672 4017 amoris
711 3968 932 4032 natura,
972 3967 1192 4033 qualem
1222 3966 1418 4021 Graeci
1448 3968 1648 4021 animis
1686 3967 2229 4036 comprehenderint,
2268 3969 2338 4022 ad
2376 3968 2767 4038 philosopham

468 4052 790 4122 indaginem
826 4053 1182 4121 profecturus
1220 4055 1433 4123 videor,
1496 4074 1681 4124 quam,
1739 4056 1873 4111 licet
1910 4057 1970 4110 in
2006 4057 2330 4126 regionibus
2368 4058 2768 4113 amoenissimis

467 4142 687 4195 animus
723 4143 1073 4211 peregrinari
1110 4147 1354 4211 expetat,
1402 4144 1472 4198 ab
1509 4145 1674 4198 huius
1711 4146 1820 4200 loci
1857 4145 2132 4215 angustiis
2170 4164 2468 4216 segregare
2504 4145 2695 4199 malui.

668 4231 689 4262 ²
727 4229 1024 4283 Subtiliter
1061 4234 1117 4284 et
1153 4235 1316 4285 acute
1341 4231 1538 4286 Rohde
1574 4232 1637 4301 (l.
1660 4234 1698 4286 l.
1723 4251 1777 4302 p.
1804 4234 1924 4300 165)
1965 4233 2110 4287 hanc
2145 4234 2533 4301 quaestionem
2559 4234 2767 4303 tetigit.

671 4318 692 4350 ³
731 4318 887 4371 Nem.
929 4318 996 4382 V,
1047 4319 1118 4371 26
1154 4318 1272 4388 (46)
1318 4337 1425 4389 sq.;
1487 4320 1559 4374 cf.
1599 4320 1755 4375 Nem.
1794 4321 1889 4389 IV,
1942 4323 2011 4375 56
2048 4322 2161 4390 (91)
2203 4339 2283 4391 sq.
2369 4316 2766 4390 Apollod.'111,

472 4408 554 4459 13.
595 4408 643 4459 3.
719 4404 901 4460 Schol.
939 4407 1126 4475 Apoll.
1166 4407 1348 4463 Rhod.
1386 4409 1431 4476 I,
1468 4406 1591 4462 224.
1668 4409 1848 4465 Schol.
1886 4412 2065 4465 Arist.
2102 4410 2249 4466 Nub.
2291 4412 2446 4465 1063.
