3157 5028
1459 365 1530 419 25

348 554 600 619 prorsus
639 555 879 602 necesse
925 539 1020 604 est
1063 536 1142 602 ad
1188 555 1382 602 unum
1428 535 1701 620 quidque
1746 536 2120 620 singillatim
2168 537 2411 619 referre,
2479 534 2643 619 quod

349 657 425 702 ex
490 655 829 721 paucorum
895 638 1393 721 fragmentorum
1464 638 1927 720 comparatione
2001 638 2283 703 universe
2348 635 2640 719 emergit:

348 739 727 821 Euripidem,
775 757 916 803 cum
961 740 1164 805 totam
1207 739 1489 804 fabulam
1531 739 1919 818 retractaret,
1980 758 2102 804 non
2142 739 2395 805 tantum
2440 756 2648 803 emen-

349 840 526 905 daret
570 859 644 905 ac
686 841 1039 922 perpoliret,
1083 841 1273 906 etiam
1317 840 1382 904 in
1428 841 1737 906 similibus
1780 841 1878 906 his
1919 842 2175 919 scaeniS,
2235 858 2377 904 cum
2420 838 2647 922 quibus

347 941 705 1024 fragmenta
770 941 1295 1023 comparationem
1351 941 1717 1020 admittunt,
1786 942 1914 1006 alia
1979 941 2242 1006 alteram
2312 939 2647 1005 editionem

349 1042 548 1108 forma
595 1041 888 1107 induisse.
950 1041 1296 1125 Componas
1340 1043 1523 1107 modo
1567 1042 1687 1124 frg.
1734 1043 1858 1107 442
1903 1044 2113 1125 aperte
2156 1061 2227 1106 ex
2254 1041 2471 1106 Thesei
2503 1058 2645 1105 cum

349 1143 480 1208 filio
527 1143 933 1209 altercatione
991 1144 1309 1226 sumptum
1376 1162 1515 1208 cum
1572 1144 1851 1209 versibus
1896 1142 2241 1209 Coroniferi
2284 1143 2407 1207 925
2452 1161 2541 1225 sq.
2583 1142 2645 1206 et

352 1301 548 1350 amant
584 1301 854 1365 repetere,
901 1293 1081 1365 ‘quod
1119 1296 1462 1352 fastidiosius
1502 1300 1667 1350 antea
1702 1297 1821 1366 ipse
1858 1296 2133 1366 spreverit
2175 1295 2498 1350 adulescens
2533 1295 2645 1350 vir-

349 1402 492 1454 gove
521 1390 772 1439 amantes
799 1389 966 1454 atque
994 1385 1281 1455 Cupidinis
1301 1385 1641 1456 Venerisque
1668 1390 2007 1454 potestatem
2032 1381 2306 1453 eluserit’‚
2332 1390 2397 1439 ut
2420 1384 2649 1452 Dilthey

352 1473 423 1527 de
459 1471 594 1526 Call.
633 1473 766 1542 Cyd.
805 1491 856 1542 p.
899 1477 968 1528 43
1007 1475 1419 1529 animadvertit.
1492 1475 1691 1544 Itaque
1729 1474 2055 1545 Propertius
2093 1475 2339 1543 primum
2378 1473 2649 1542 Cynthiae

349 1561 542 1616 laudes
607 1579 808 1616 canens
870 1563 952 1616 ita
1015 1562 1064 1630 1,
1128 1567 1176 1616 1.
1233 1565 1293 1616 32
1366 1561 1516 1617 ‘tum
1592 1563 1733 1617 mihi
1800 1565 2107 1618 constantis
2174 1563 2375 1618 deiecit
2437 1564 2649 1617 lumina

351 1645 542 1704 fastus'
585 1648 681 1718 (cf.
727 1649 772 1717 Ι,
811 1651 860 1701 7.
896 1651 966 1703 25
1005 1650 1110 1719 sq.)
1150 1656 1208 1705 et
1243 1649 1465 1706 Racinii
1498 1650 1756 1705 Phaedra
1793 1651 2056 1706 insolenti
2112 1651 2261 1706 fastu
2319 1668 2649 1720 quocunque

349 1738 517 1792 modo
554 1742 742 1806 potest
779 1739 838 1792 in
875 1739 1198 1810 privignum
1237 1740 1432 1802 saevit,
1483 1743 1781 1808 antequam
1819 1757 2067 1794 amorem
2103 1739 2366 1794 fateatur.
2441 1739 2647 1794 Heine:

349 1825 461 1882 ‘sie
501 1826 670 1898 sahen
732 1827 851 1882 sich
909 1846 981 1881 an
1042 1845 1101 1882 so
1159 1829 1445 1896 feindlich;
1499 1829 1616 1882 und
1676 1828 1905 1883 wollten
1961 1846 2065 1883 vor
2121 1828 2293 1883 Liebe
2353 1823 2647 1899 vergehn'.

351 1915 565 1970 Goethe
603 1915 947 1984 (Gretchen):
1003 1915 1015 1932 ‘
1033 1916 1161 1971 Und
1199 1921 1394 1988 segnet
1429 1917 1580 1978 mich
1616 1917 1733 1971 und
1774 1917 1900 1972 that
1935 1935 1995 1972 so
2028 1934 2205 1988 gross,
2246 1918 2362 1972 und
2397 1917 2497 1970 bin
2532 1934 2649 1971 nun

350 2004 524 2058 selbst
560 2004 664 2058 der
700 2003 885 2058 Siinde
919 2001 1106 2060 bloss’.
1183 2005 1290 2060 Sed
1314 2005 1439 2075 plus
1465 2007 1637 2059 etiam
1662 2007 1837 2074 abest,
1882 2009 1947 2059 ut
1974 2024 2165 2061 versus
2195 2006 2459 2061 Ovidiam'
2484 2008 2515 2059 7
2540 2023 2646 2075 sq.:

649 2099 738 2148 ter
774 2099 959 2148 tecum
997 2098 1197 2150 conata
1232 2094 1407 2163 loqui,
1450 2099 1536 2148 ter
1574 2094 1791 2148 inutilis
1827 2094 2007 2150 haesit

751 2183 962 2253 lingua,
999 2186 1089 2237 ter
1129 2183 1188 2236 in
1225 2183 1408 2252 primo
1444 2183 1667 2238 destitit
1704 2201 1800 2238 ore
1836 2201 2001 2238 sonus

350 2289 440 2325 me
474 2262 977 2326 commonefaciant
1001 2272 1176 2324 trium
1199 2272 1476 2341 graduum
1509 2271 1902 2340 distinctionis,
1934 2273 2136 2341 quibus
2159 2273 2377 2343 tragica
2396 2272 2651 2327 Phaedra

353 2375 407 2412 v.
446 2359 551 2412 392
589 2377 669 2428 sq.
711 2364 908 2414 conata
943 2359 1018 2414 sit
1060 2377 1314 2414 coercere
1348 2378 1611 2428 amorem,
1659 2379 1729 2415 ne
1767 2361 2089 2432 detegatur3
2146 2379 2274 2416 cum
2312 2362 2422 2415 alia
2460 2360 2650 2415 Ovidii

354 2449 609 2517 exempla
662 2449 904 2518 probent
953 2452 1185 2519 propter
1235 2466 1530 2503 numerum
1576 2450 1887 2504 ternarium
1928 2449 2072 2503 nihil
2108 2449 2384 2504 reconditi
2425 2449 2651 2519 anquiri

356 2536 576 2592 debere.
682 2536 761 2591 Cf.
817 2538 952 2592 Met.
1009 2537 1116 2607 XI,
1175 2538 1302 2592 419:
1376 2534 1492 2591 ‘ter
1559 2543 1759 2593 conata
1836 2538 2014 2608 loqui,
2092 2542 2182 2593 ter
2246 2538 2472 2593 fletibus
2551 2555 2651 2593 ora

350 2620 604 2695 rigavit'.
677 2625 957 2679 Nimirum
1005 2626 1114 2680 hoc
1157 2644 1387 2681 numero
1434 2627 1647 2695 impare
1705 2630 1873 2696 poeta
1921 2627 2131 2697 gaudet
2184 2626 2278 2693 (cf.
2317 2628 2509 2681 Amor.
2548 2626 2648 2693 ΙΙΙ,

353 2714 402 2767 6.
440 2714 525 2767 69.
599 2713 732 2768 Her.
771 2714 920 2782 XIV,
954 2716 1037 2768 45.
1111 2714 1244 2769 Met.
1282 2715 1354 2783 ΙΙ,
1395 2716 1514 2767 270.
1578 2714 1647 2783 Χ,
1688 2716 1810 2768 452.
1877 2715 2023 2783 XIV,
2060 2715 2184 2781 387)
2248 2715 2651 2784 praeeuntibus

351 2802 750 2855 Alexandrinis
788 2802 877 2871 (cf.
909 2802 1096 2871 Apoll.
1135 2802 1314 2856 Rhod.
1353 2802 1485 2872 Arg.
1527 2802 1626 2864 111,
1668 2804 1789 2856 654.
1856 2801 2179 2857 callimach.
2221 2802 2404 2871 hymn.
2452 2804 2490 2857 i.
2530 2803 2651 2857 Cer.

358 2891 441 2945 13.
486 2892 566 2944 15.
605 2891 716 2962 frg.
760 2894 858 2945 189
898 2890 1105 2959 Schn.).
1178 2892 1366 2945 Altius
1405 2891 1512 2946 hoc
1547 2892 1727 2961 repeti
1763 2896 1975 2961 potest3
2016 2892 2292 2947 Pindarus
2327 2892 2476 2946 enim
2511 2910 2649 2963 pau-

353 2998 548 3036 corum
587 2983 886 3036 verborum
921 2982 1469 3053 argumentationem
1499 2980 1817 3052 significans
1851 2982 2024 3036 canit:
2064 2987 2184 3051 τρία
2211 2982 2348 3035 ἔπεα
2374 2982 2652 3051 διαρκέσει

353 3070 534 3138 (Nem.
571 3070 695 3139 Vn,
731 3072 816 3125 48.
857 3070 961 3139 70).
1045 3070 1439 3139 Aristophanis
1483 3070 1883 3139 Pheidippides
1932 3070 2203 3124 baronem
2250 3088 2307 3124 se
2344 3069 2516 3124 fuisse
2568 3070 2649 3123 in-

356 3158 542 3214 dicat:
605 3154 724 3213 01'115'
782 3152 854 3213 ἄν
900 3158 1004 3229 τρί’
1063 3162 1240 3213 εἰπεῖν
1291 3153 1502 3229 ῥήμαθ’
1559 3153 1674 3218 οἶός
1717 3157 1763 3211 τ’
1810 3150 1878 3227 ἦν
1926 3162 2059 3228 πρὶν
2104 3160 2425 3231 ἐξαμαρτεῖν
2486 3157 2652 3226 (Nub.

357 3247 545 3317 1402);
619 3249 768 3302 unde
824 3246 1091 3303 Latinum
1154 3247 1516 3316 proverbium
1582 3251 1793 3301 ortum:
1860 3248 1974 3301 tria
2030 3247 2202 3302 verba
2272 3265 2387 3301 non
2465 3249 2653 3316 potest

353 3335 587 3405 iungere
629 3336 774 3405 (Sen.
813 3336 918 3406 Ep.
955 3338 1041 3389 40.
1081 3338 1128 3390 9.
1191 3336 1272 3390 Cf.
1308 3337 1537 3404 Apocol.
1578 3338 1663 3389 11.
1702 3335 1751 3388 3.
1805 3334 2051 3389 Martial.
2091 3335 2184 3402 VI,
2224 3336 2309 3387 54.
2347 3334 2419 3403 2).
2485 3333 2651 3388 Euri·

352 3424 534 3493 pides:
576 3430 714 3493 τρεῖς
750 3426 890 3478 εῑσὶν
925 3421 1118 3494 ἀρεταί
1148 3423 1280 3495 (frg.
1317 3427 1439 3485 219,
1479 3424 1550 3479 ef.
1592 3423 1701 3495 frg.
1742 3426 1884 3493 287).
1962 3422 2222 3477 Schiller:
2260 3421 2418 3477 ‘Drei
2452 3422 2650 3477 Worte

352 3512 518 3566 nenn’
555 3512 646 3567 ich
684 3513 824 3567 euch
858 3509 1315 3568 inhaltsschwer'.
1389 3514 1603 3567 Eodem
1648 3514 1936 3583 pertinent
1980 3518 2093 3567 tres
2132 3512 2416 3581 Propertii
2455 3511 2649 3580 libelli,

361 3618 497 3669 quos
534 3602 595 3654 in
627 3619 835 3672 pompa
871 3602 1259 3671 Persephonae
1294 3603 1440 3656 dona
1479 3602 1671 3657 afferri
1709 3603 1831 3657 vult
1868 3602 1989 3671 (111,
2028 3602 2112 3655 13.
2150 3602 2221 3653 25
2260 3598 2367 3669 Η.).
2435 3600 2519 3654 De
2555 3617 2651 3654 vo-

358 3689 514 3749 cibus
567 3694 865 3760 τρίςμακαρ
911 3696 968 3745 et
1013 3691 1286 3744 similibus
1341 3691 1415 3745 cf.
1455 3691 1602 3745 Suet.
1644 3692 1731 3745 ed.
1771 3690 2095 3745 Reiffersch.
2140 3689 2247 3760 frg.
2294 3689 2392 3741 175
2434 3706 2489 3757 p.
2530 3689 2653 3741 455.

355 3777 561 3831 Notum
601 3783 788 3833 autem
827 3783 911 3832 est
945 3796 1238 3833 numerum
1274 3780 1585 3833 ternarium
1620 3782 1827 3833 τέλειον
1862 3779 2033 3833 fuisse
2070 3778 2165 3848 (cf.
2202 3777 2383 3831 Schol.
2419 3776 2652 3832 Theocr.

355 3868 426 3937 H,
473 3870 564 3920 43.
620 3866 688 3936 V,
725 3868 805 3919 18.
844 3868 930 3920 30.
1015 3866 1166 3921 Jahn
1203 3866 1372 3922 Arch.
1422 3867 1689 3937 Beitr‘age
1723 3886 1777 3936 p.
1819 3868 1961 3936 125).
2003 3896 2067 3906 -
2108 3866 2363 3934 Denique
2401 3866 2497 3921 vix
2551 3868 2653 3933 est,

354 3956 503 4025 quod
555 3974 812 4010 moneam
861 3953 1192 4009 Ovidianam
1239 3956 1484 4025 puellam
1531 3956 1593 4009 in
1635 3956 1843 4011 seelera
1880 3956 2078 4023 utique
2112 3972 2349 4026 pronam
2386 3971 2519 4021 esse,
2558 3954 2654 4023 qui

354 4059 537 4096 mores
575 4041 862 4096 Phaedrae
901 4044 959 4096 in
997 4048 1218 4098 servata
1255 4043 1449 4098 fabula
1485 4061 1600 4098 non
1637 4049 1792 4113 sunt3
1828 4043 1972 4097 nihil
2008 4044 2105 4097 illa
2142 4044 2212 4097 de
2247 4042 2441 4097 futura
2473 4046 2655 4096 morte

352 4130 714 4199 vaticinatur,
752 4137 822 4184 ut
858 4132 1109 4201 reliquae
1144 4132 1408 4187 heroinae
1445 4132 1534 4195 (cf.
1574 4132 1820 4201 Dilthey.
1859 4132 1954 4185 1.1.
1992 4150 2046 4202 p.
2071 4132 2214 4201 117).
2289 4129 2449 4197 Quod
2472 4132 2652 4200 priori

356 4218 646 4273 Phaedrae
683 4235 910 4287 prorsus
950 4220 1430 4275 accommodatum
1467 4226 1567 4285 est,
1628 4222 1835 4291 quippe
1888 4237 2029 4289 quae
2067 4220 2136 4273 ad
2174 4218 2489 4273 satiandam
2524 4218 2651 4273 libi-

353 4307 542 4363 dinem
587 4308 748 4362 unice
797 4310 1214 4380 promptissima
1254 4309 1324 4363 de
1369 4315 1552 4364 morte
1588 4310 1836 4364 nondum
1873 4310 2109 4380 cogitet,
2164 4307 2432 4363 abhorret
2468 4307 2537 4362 ab
2575 4307 2653 4361 al·

352 4400 476 4456 tera
508 4396 885 4453 moderatiore
920 4402 1160 4455 mortem
1195 4415 1414 4470 semper
1449 4398 1510 4453 in
1548 4416 1645 4452 ore
1680 4398 1937 4453 habente.
