3157 5028
1597 341 1671 394 44

482 511 546 575 et
587 530 648 576 v.
691 512 818 576 209
855 529 982 592 sq.:

782 630 893 678 cur
935 611 999 676 in
1031 611 1284 694 penates
1329 610 1531 676 rarius
1575 611 1791 676 tenues
1837 611 2005 677 subit

781 713 930 777 haec
972 713 1274 777 delicatas
1317 712 1552 794 eligens
1597 712 1787 795 pestis
1832 712 2091 778 domos?
2136 733 2186 779 e.
2234 733 2289 796 q.
2336 733 2383 778 s,

485 813 1219 880 Accommodatissimum
1267 813 1479 877 autem
1523 812 1603 877 ad
1648 813 2009 896 tragoediae
2038 814 2414 896 dignitatem
2460 814 2652 878 etiam
2697 815 2788 893 id,

484 914 650 996 quod
711 914 950 993 chorus,
1023 914 1131 996 qui
1184 912 1366 977 modo
1427 932 1647 978 caecae
1702 913 1991 979 fortunae
2040 914 2314 980 ludibria
2370 914 2786 998 exprobravit,

485 1013 614 1078 iam
659 1015 756 1078 his
798 1013 1384 1079 ratiocinationibus
1427 1014 1637 1097 priora
1680 1015 1962 1080 convicia
2005 1016 2185 1098 quasi
2234 1016 2611 1098 compensat.
2695 1015 2787 1080 At

485 1113 737 1192 Seneca,
783 1115 890 1197 qui
933 1115 1135 1179 totam
1177 1115 1601 1180 oeconomiam
1645 1114 1714 1178 in
1759 1114 1881 1179 fine
1926 1115 2177 1180 fabulae
2222 1115 2515 1193 mutavit,
2563 1113 2786 1180 Graeci

485 1214 848 1297 exemplaris
913 1215 1206 1281 subtilem
1273 1215 1757 1297 argumentandi
1824 1216 2210 1299 elegantiam
2274 1216 2569 1298 abolevit,
2642 1233 2784 1280 cum

484 1316 818 1382 decantata
887 1316 1224 1382 sententia:
1317 1314 1697 1381 ‘Fortunam
1775 1316 1934 1381 nulli
2002 1317 2186 1382 fidem
2257 1309 2610 1401 praestare'
2685 1320 2787 1385 in-

487 1417 806 1483 commode
844 1418 1130 1482 immixta
1177 1418 1255 1484 ad
1299 1419 1600 1483 Theseum
1654 1419 2017 1502 provocavit
2060 1439 2118 1484 v.
2169 1421 2327 1484 1141
2376 1440 2467 1503 sq.
2541 1422 2644 1487 Ad
2684 1441 2787 1488 ex-

485 1519 773 1596 tremum,
838 1519 890 1584 si
956 1521 1122 1584 recte
1185 1520 1390 1586 adhuc
1455 1520 1793 1603 disputavi,
1839 1519 1926 1584 ,in
1998 1521 2199 1603 priore
2256 1521 2596 1606 Hippolyto
2662 1542 2786 1589 non

486 1619 810 1702 legebatur
867 1621 1245 1686 retractatae
1305 1621 1554 1686 fabulae
1606 1621 1905 1686 stasimon
1950 1622 2247 1703 quartum
2296 1623 2437 1704 post
2492 1623 2786 1687 nuntium

457 1719 562 1785 ‘de
605 1720 932 1805 Hippolyti
976 1722 1196 1787 morte.
1297 1723 1397 1787 An
1449 1723 1520 1785 tu
1577 1721 1693 1785 hoc
1747 1721 1882 1786 loco
1934 1722 2186 1786 Amoris
2251 1724 2579 1806 praeconia
2640 1741 2787 1806 gra-

486 1822 630 1886 vate
674 1821 1091 1886 desiderares?
1177 1821 1336 1886 Mihi
1398 1821 1651 1904 quidem
1703 1840 1941 1904 semper
1995 1823 2195 1886 visum
2267 1824 2360 1887 est
2424 1824 2489 1887 in
2535 1824 2787 1890 Amoris

483 1922 608 1987 ista
653 1920 1013 1986 laudatione
1053 1941 1274 2005 parum
1319 1923 1462 2004 apte
1505 1921 1822 1986 inculcata
1872 1957 1942 1968 —
1993 1941 2137 1986 nam
2186 1922 2395 1988 Venus
2439 1943 2562 1989 non
2607 1925 2787 2007 pueri

487 2022 586 2087 sui
628 2021 842 2086 divina
897 2023 1106 2105 gratia
1171 2041 1246 2087 ac
1295 2022 1621 2088 venustate
1685 2022 1929 2087 heroem
1974 2023 2235 2098 domuit,
2304 2024 2412 2089 sed
2477 2024 2786 2091 malarum

484 2121 724 2188 artinm'
791 2124 1005 2205 aperta
1059 2123 1122 2186 vi
1180 2124 1491 2187 insontem
1559 2122 1859 2206 oppressit
1918 2159 1989 2170 -
2038 2124 2321 2188 suturam
2386 2125 2787 2209 neglegenter

485 2223 865 2288 retractatae
908 2223 1063 2296 artis
1107 2224 1481 2289 delitescere.
1570 2223 1687 2289 Oui
1742 2224 2079 2307 suspicioni
2123 2223 2353 2290 Seneca
2416 2226 2535 2290 hoc
2600 2227 2786 2293 choro

486 2323 688 2407 priore
733 2323 869 2388 loco
911 2325 1142 2390 abusus
1187 2325 1368 2390 valde
1411 2325 1739 2390 succurrit.

688 2424 782 2489 De
825 2425 1144 2507 Sophoclis
1188 2425 1493 2503 Phaedra,
1539 2444 1698 2508 quae
1740 2425 1809 2490 in
1851 2426 1971 2491 hac
2014 2425 2089 2490 de
2134 2425 2495 2510 Hippolytis
2537 2425 2789 2509 Euripi-

487 2527 617 2591 deis
663 2526 1084 2609 disputatione
1129 2527 1393 2592 alicuius
1424 2527 1724 2593 momenti
1770 2546 1899 2592 esse
1932 2528 2241 2606 videatur,
2288 2546 2486 2610 pauca
2514 2548 2667 2612 opus
2697 2530 2791 2594 est

487 2627 799 2707 disserere,
832 2629 1168 2710 antequam
1193 2648 1469 2711 pergam.
1517 2628 1719 2710 Quam
1746 2628 1995 2711 quidem
2019 2628 2298 2693 fabulam
2324 2628 2432 2711 qui
2455 2648 2525 2694 ex
2546 2630 2787 2709 laceri8‚

488 2728 712 2809 quibus
776 2728 1044 2811 benigna
1103 2748 1234 2794 sors
1295 2730 1472 2810 favit,
1539 2730 1828 2794 frustulis
1888 2729 2087 2812 iisque
2144 2730 2483 2795 maximam
2549 2732 2789 2813 partem

485 2830 875 2908 generalibus
923 2830 1358 2911 habilibusque
1403 2830 1468 2894 in
1526 2848 1775 2895 omnem
1824 2832 2066 2912 partem
2124 2829 2449 2894 sententiis
2518 2849 2623 2913 per
2674 2850 2789 2896 sua

487 2930 666 3011 quasi
738 2928 1026 2995 tabulata
1093 2929 1492 2996 exaedificare
1559 2933 1887 3013 conentur,
1959 2947 2199 3007 vereor,
2274 2948 2349 2995 ne
2409 2930 2662 2995 videant
2721 2931 2787 2995 in

485 3030 718 3094 somnis
781 3030 1086 3114 quidquid
1151 3030 1483 3111 voluerint,
1562 3033 1790 3114 quibus
1856 3031 2233 3096 coniectores
2299 3029 2577 3096 defuturi
2641 3032 2785 3097 sint.

487 3130 768 3195 Welcker
832 3134 1064 3205 autem,
1125 3132 1483 3214 ingeniosus
1538 3133 1647 3196 ille
1708 3132 2033 3197 divinandi
2085 3131 2332 3214 artifex,
2405 3130 2471 3195 in
2526 3132 2790 3214 inexpli-

487 3232 714 3297 cabilia
759 3231 1011 3298 dumeta
1053 3233 1346 3314 abreptus
1391 3233 1502 3311 est,
1571 3250 1713 3295 cum
1758 3231 2148 3314 Asclepiadis
2202 3233 2657 3311 consarcinata,
2717 3233 2791 3295 ut

488 3334 854 3413 videbimus,
921 3334 1280 3399 narratione
1336 3334 1413 3400 ad
1475 3334 1896 3398 oeconomiam
1955 3333 2205 3398 fabulae
2261 3333 2639 3415 Sophocleae
2691 3334 2789 3399 in-

487 3436 895 3502 staurandam
953 3437 1230 3501 uteretur
1289 3436 1350 3500 et
1405 3434 1701 3501 Ovidium
1754 3434 1820 3499 in
1880 3436 2105 3517 quarta
2160 3434 2429 3500 Heroide
2492 3435 2571 3500 ad
2631 3436 2792 3501 hanc

484 3536 680 3619 ipsam
713 3537 990 3603 fabulam
1029 3556 1092 3601 se
1120 3536 1489 3621 applicuisse
1520 3538 1797 3601 censeret
1822 3539 1859 3600 ¹.
1920 3536 2106 3600 Hunc
2138 3536 2190 3599 si
2223 3534 2422 3608 audis,
2467 3534 2790 3602 Phaedrae

487 3636 861 3720 Sophocleae
903 3657 1103 3703 mores
1149 3656 1270 3702 non
1327 3637 1665 3703 admodum
1711 3636 1939 3701 diversi
1992 3635 2246 3701 fuerunt
2299 3637 2377 3700 ab
2421 3636 2791 3719 Euripideae

691 3921 710 3952 ¹
745 3919 812 3975 L.
849 3921 886 3974 1.
923 3938 978 3989 p.
1019 3922 1126 3975 394
1163 3938 1246 3990 sq.
1279 3951 1345 3962 —
1384 3922 1568 3978 Hiller
1605 3922 1646 3976 1.
1681 3921 1719 3974 1.
1761 3939 1815 3991 p.
1844 3921 1914 3974 34
1944 3904 2031 3988 sq.
2068 3918 2211 3973 nihil
2247 3918 2367 3975 fere
2402 3921 2534 3975 novi
2572 3921 2789 3990 attulit,

487 4008 597 4062 nisi
637 4008 785 4075 qnod
823 4007 1086 4063 Senecam
1133 4015 1358 4079 praeter
1395 4010 1767 4080 Hippolytum
1818 4008 2190 4078 posteriorem
2228 4007 2516 4077 Sophoclis
2565 4015 2789 4080 tragoe-

486 4100 637 4153 diam
694 4099 931 4153 fortasse
990 4099 1202 4152 imitari
1249 4104 1404 4153 ratus
1452 4104 1538 4153 est
1594 4100 1669 4168 (p.
1707 4098 1814 4167 48).
1888 4097 2051 4151 Talia
2106 4096 2219 4150 iam
2274 4097 2443 4151 missa
2495 4098 2785 4152 faciamus.

489 4188 691 4241 Swahn
728 4188 821 4256 (de
853 4188 1151 4257 Hippolyti
1188 4186 1426 4242 Senecae
1463 4187 1655 4241 fabula
1692 4186 1718 4239 I
1756 4186 1943 4242 Holm.
1987 4186 2145 4251 1857)
2193 4186 2330 4239 item
2367 4184 2658 4238 contendit
2694 4184 2788 4239 Se-

487 4293 681 4331 necam
727 4276 1014 4345 Sophoclis
1053 4276 1364 4330 Phaedram
1402 4275 1633 4331 imitari.
1719 4274 1866 4329 Mihi
1918 4293 2030 4329 non
2080 4274 2243 4328 licuit
2288 4274 2405 4328 eius
2454 4273 2665 4328 librum
2702 4273 2785 4327 in-

491 4364 731 4433 spicere;
769 4363 839 4419 cf.
880 4362 1100 4419 Teuffel
1137 4362 1300 4417 Rem.
1337 4362 1839 4433 Litteraturgesch.
1880 4362 1956 4431 (3)
1992 4362 2023 4429 ἓ
2063 4364 2185 4416 290.
2224 4363 2273 4417 6.
