3157 5028
1483 349 1548 400 41

361 519 438 584 ut
481 538 670 602 supra
716 517 893 584 evici.
959 517 1275 584 Narrandi
1320 536 1715 601 progressum
1763 517 1909 583 inde
1962 519 2039 584 ab
2090 519 2262 602 equis
2304 519 2452 602 iugo
2498 519 2663 584 subi·

360 619 603 704 gendiS‚
647 619 714 684 in
759 639 882 702 qua
931 638 996 683 re
1042 618 1306 684 Senecae
1352 620 1536 684 verba
1571 639 1628 685 v,
1657 620 1819 684 1002
1863 639 1955 702 sq.
2001 621 2203 702 magis
2244 620 2451 685 Velati
2494 620 2665 703 frag-

363 723 576 786 mento
605 722 730 785 445
761 740 950 803 quam
983 720 1327 785 Coroniferi
1355 721 1559 786 versui
1594 722 1755 786 1183
1800 721 2188 805 respondent,
2232 720 2491 786 eundem
2537 739 2665 786 esse

361 821 674 886 neminem
720 821 904 904 fugit.
1005 817 1580 905 Insigniter‘etiam
1628 840 1698 885 eo
1744 823 2113 904 congruunt,
2170 821 2333 904 quod
2377 822 2661 886 iuvenem

359 922 578 987 exsilio
627 923 918 987 affectum
976 922 1177 986 multa
1234 940 1439 986 secum
1493 921 1849 1004 loquentem
1908 923 1969 986 et
2013 923 2252 1003 patrem
2296 922 2663 987 abominan-

358 1023 489 1087 tem
556 1023 806 1105 fingunt
869 1021 1051 1106 (Eur.
1113 1041 1173 1086 v.
1226 1023 1388 1087 1190
1442 1041 1532 1104 sq.
1589 1021 1728 1087 Seu.
1771 1041 1828 1087 v.
1881 1023 2046 1086 1004
2091 1018 2207 1104 sq.)
2226 1024 2261 1085 ¹.
2352 1021 2451 1085 Ad
2505 1039 2661 1084 non-

361 1124 538 1189 nulla
605 1125 835 1203 autem,
898 1142 1056 1206 quae
1120 1126 1338 1206 poetae
1400 1124 1684 1189 Romano
1740 1123 1989 1206 propria
2041 1124 2207 1206 sunt,
2257 1122 2515 1205 posthac
2567 1139 2658 1186 re·

359 1226 588 1290 vertar.

560 1325 662 1389 Ad
708 1324 955 1390 cantica
994 1325 1490 1407 praevertamur:
1548 1324 1908 1407 Euripidem
1956 1325 2024 1388 in
2069 1326 2346 1390 correcta
2390 1324 2659 1389 editione

357 1427 578 1491 choros
623 1426 739 1505 vel,
787 1428 858 1490 ut
899 1427 1128 1517 rectius
1173 1426 1398 1506 dicam,
1459 1443 1669 1492 eorum
1715 1445 1926 1491 sensus
1971 1445 2231 1492 novasse
2272 1427 2539 1507 exceptis
2580 1426 2658 1490 iis

355 1528 530 1605 locis,
590 1546 854 1610 quorum
897 1527 1145 1592 mutata
1189 1527 1546 1592 oeconomia
1590 1529 1707 1592 hoc
1749 1527 2109 1610 postularet,
2172 1547 2389 1610 parum
2441 1527 2659 1592 verisi-

359 1628 508 1692 mile
537 1629 851 1694 videbitur
880 1629 956 1693 iis
976 1628 1384 1711 computatiS,
1431 1647 1591 1710 quae
1625 1628 1727 1693 hic
1758 1629 1890 1693 illic
1931 1629 2008 1694 de
2050 1629 2179 1693 eius
2210 1646 2379 1692 more
2422 1629 2659 1692 retrac-

355 1729 536 1793 tandi
604 1729 804 1795 docui.
907 1728 1138 1796 Seneca
1200 1730 1410 1794 autem
1481 1729 1649 1796 haud
1719 1749 1859 1795 raro
1924 1733 1989 1794 in
2053 1729 2257 1794 choris
2307 1728 2387 1795 ab
2436 1729 2655 1792 iisdem

355 1830 807 1895 sententiarum
854 1831 1179 1912 capitibuS‚
1240 1850 1278 1895 a
1322 1831 1546 1913 quibus
1591 1831 1932 1913 Euripides
1998 1830 2425 1913 proficiscitur,
2491 1829 2657 1895 unde

355 1931 656 1996 nimirum
721 1932 786 1995 in
857 1932 1054 1996 altum
1128 1933 1376 1996 evectus
1435 1931 1708 1996 cuiusvis
1762 1933 2003 2016 generis
2046 1931 2302 1997 floscula
2346 1951 2383 1996 a
2430 1928 2653 1995 Graeci

357 2031 646 2096 cothurni
689 2031 1000 2114 dignitate
1047 2033 1252 2098 aliena
1299 2033 1568 2098 orationi
1610 2033 1948 2109 immiscet3
1994 2033 2280 2116 quamvis
2305 2031 2453 2096 licet
2474 2049 2654 2113 prae-

352 2133 523 2198 terea
589 2151 658 2197 eo
720 2132 1007 2216 excellat,
1076 2133 1238 2216 quod
1303 2135 1552 2199 cantica
1597 2134 1675 2198 ab
1719 2133 1939 2200 idonea
1984 2133 2125 2198 sede
2168 2133 2405 2198 remota
2449 2132 2651 2197 alieno

351 2233 491 2298 loco
520 2232 793 2298 inculcat
805 2236 848 2300 ².
894 2234 1122 2300 Omisit
1149 2235 1348 2318 igitur
1377 2235 1653 2317 parodon
1680 2235 1851 2311 (Eur.
1877 2255 1934 2300 v,
1960 2236 2078 2299 121
2104 2235 2223 2317 sq.)
2277 2235 2339 2299 et
2384 2234 2650 2298 alterum

353 2335 655 2399 stasimon
679 2335 764 2418 (v.
792 2335 913 2400 732
937 2339 1060 2419 sq.)
1105 2335 1292 2418 idque
1320 2336 1471 2415 iure,
1515 2336 1664 2418 quia
1696 2336 1774 2400 ad
1821 2335 2137 2401 Phaedrae
2179 2337 2440 2399 mortem
2488 2334 2652 2398 allu-

353 2435 464 2500 dit.
555 2435 856 2519 Neglecta
899 2438 1108 2502 autem
1155 2437 1384 2519 parodo
1430 2437 1763 2517 canticum,
1821 2437 1985 2521 quod
2033 2437 2280 2500 Amoris
2323 2437 2451 2523 vim
2496 2436 2649 2501 cele-

351 2537 516 2614 brat,
561 2537 688 2601 iam
731 2538 945 2603 statim
996 2539 1137 2621 post
1182 2539 1444 2603 nutricis
1497 2540 1558 2603 et
1604 2538 1923 2603 Phaedrae
1967 2537 2347 2620 colloquium
2386 2538 2648 2602 inseruit

352 2657 411 2703 v.
436 2638 562 2703 274
587 2657 702 2719 sq„
748 2637 1069 2720 Euripides
1105 2638 1356 2703 demum
1386 2646 1526 2722 post
1568 2640 1799 2704 amoris
1842 2638 2283 2705 confessionem
2317 2657 2372 2703 v.
2390 2640 2513 2703 525
2533 2658 2644 2720 sq.,

351 2740 542 2821 atque
604 2738 692 2803 ibi
735 2738 960 2820 aptius,
1010 2741 1305 2821 quoniam
1373 2741 1488 2806 hoc
1547 2740 1730 2806 modo
1798 2759 1972 2805 amor
2014 2741 2093 2804 ad
2158 2740 2442 2804 effectum
2508 2738 2647 2803 red-

349 2839 520 2903 ditus
572 2838 946 2904 illustratur.
1045 2840 1276 2907 Seneca
1329 2844 1539 2907 autem
1596 2842 1696 2907 hic
1752 2843 2079 2924 praecipue
2121 2841 2416 2924 quartum
2446 2826 2648 2902 ‘Euri-

349 2939 511 3021 pidis
575 2940 880 3005 stasimon
926 2962 984 3008 v,
1034 2944 1194 3008 1268
1249 2963 1340 3025 sq.
1399 2944 1480 3009 ad
1531 2943 1823 3009 Amorem
1890 2942 1954 3006 id
2022 2962 2265 3026 quoque
2333 2942 2647 3025 pertinens

351 3041 712 3123 compilasse
759 3042 1024 3121 videtur,
1077 3044 1303 3127 ubique
1349 3044 1637 3109 videlicet
1681 3047 2045 3110 ornamenta
2090 3046 2151 3109 et
2196 3043 2470 3124 exempla
2513 3043 2645 3107 tra-

347 3142 486 3225 gico
532 3144 865 3225 exemplari
908 3146 1322 3228 repugnantia
1366 3146 1715 3228 Euripideis
1758 3147 2183 3228 agglutinans
2232 3180 2307 3190 —
2355 3146 2490 3209 Iam
2515 3144 2644 3207 sin-

346 3243 500 3325 gula
543 3244 893 3325 perlustres,
980 3246 1052 3310 In
1120 3246 1364 3312 exordio
1428 3248 1695 3313 telorum
1752 3247 2003 3311 Amoris
2060 3246 2443 3330 praestantia
2487 3244 2645 3309 cele-

349 3344 586 3428 bratur,
631 3364 818 3428 quam
845 3346 1167 3429 Euripides
1211 3348 1526 3431 significat
1571 3368 1629 3413 v.
1675 3349 1798 3412 530
1831 3367 1920 3431 sq.
1968 3349 2028 3412 et
2076 3348 2254 3426 1271,
2299 3347 2353 3411 si
2396 3344 2645 3425 πτερόν

350 3461 489 3508 cum
539 3445 874 3511 scholiasta
913 3446 1103 3525 βέλος
1145 3448 1591 3532 interpretaris.
1680 3450 1909 3514 Versus
1955 3449 2094 3515 Sen.
2141 3450 2260 3513 331
2308 3467 2398 3529 sq.
2429 3446 2638 3511 eodem

347 3544 638 3623 tendunt,
685 3564 806 3627 quo
853 3546 996 3611 Eur.
1044 3566 1102 3610 v.
1152 3550 1314 3613 1272
1361 3569 1450 3633 sq.
1500 3550 1609 3630 (cf.
1640 3569 1695 3614 v.
1728 3549 1849 3615 447
1881 3568 1993 3631 sq.‚
2038 3550 2157 3632 frg.
2188 3548 2353 3629 434).
2415 3547 2641 3610 Versus

346 3646 556 3711 autem
615 3644 754 3711 Sen.
812 3648 935 3711 338
979 3666 1070 3731 sq.
1115 3650 1356 3731 copiose
1409 3650 1717 3734 effingunt
1775 3651 1920 3715 Eur.
1966 3669 2023 3714 v.
2086 3650 2249 3713 1274
2296 3666 2407 3730 sq„
2450 3665 2639 3733 quam

345 3745 600 3809 eandem
643 3748 1017 3812 sententiam
1062 3748 1136 3814 de
1184 3750 1417 3815 Venere
1474 3752 1663 3816 etiam
1718 3750 1783 3814 in
1839 3750 2139 3815 animalia
2196 3750 2257 3814 et
2301 3748 2366 3812 in
2411 3748 2639 3830 omnia,

345 3863 504 3927 quae
567 3846 736 3911 terra
801 3848 1118 3949 caelumve
1182 3851 1522 3934 progignit,
1591 3851 1953 3917 dominante
2005 3850 2203 3914 fusius
2244 3849 2481 3915 tractat
2524 3848 2639 3914 So-

547 4093 565 4123 ²
637 4093 722 4147 De
767 4110 934 4148 versu
981 4094 1104 4151 Sen.
1161 4100 1314 4162 1057,
1373 4117 1537 4169 quem
1598 4120 1895 4173 perperam
1942 4107 2251 4178 Euripiden
2304 4112 2442 4165 1197
2490 4129 2635 4165 com-

341 4186 666 4249 posuerunt,
705 4182 776 4236 cf.
815 4182 930 4238 Leo
969 4184 1004 4238 l.
1045 4186 1080 4237 l.
1119 4203 1171 4254 p.
1208 4188 1314 4239 205
1349 4206 1429 4257 sq.

543 4271 564 4301 ²
601 4270 780 4325 Huius
812 4289 1108 4340 perversae
1144 4276 1380 4330 rationis
1414 4279 1625 4333 similia
1659 4285 1915 4351 exempla
1949 4287 2311 4354 suppeditant
2336 4287 2497 4341 Herc.
2526 4288 2633 4343 fur.

341 4361 403 4410 et
437 4357 657 4427 Medea3
695 4358 764 4413 cf.
802 4359 914 4415 Leo
953 4362 990 4416 l.
1029 4363 1064 4415 l.
1102 4381 1156 4432 p.
1201 4365 1318 4418 161.
1363 4367 1478 4420 164.
