3157 5028
1433 361 1532 413 107

335 533 692 617 goediam¹‚
761 535 1128 618 Lycophron
1181 533 1430 616 scripsit
1471 532 1904 616 Hippolytum,
1977 534 2051 596 ut
2101 551 2289 614 supra
2348 532 2631 604 monui²;

333 655 501 700 mera
575 636 929 701 coniectura
1002 637 1096 699 est
1168 634 1432 717 Byblida
1496 636 1560 697 in
1638 652 1927 698 scaenam
2000 634 2367 716 productam
2441 651 2571 697 esse
2586 637 2629 696 ³.

267 817 278 825 .
335 739 541 820 Atque
617 736 768 802 adeo
833 756 908 802 ne
974 737 1170 800 ullum
1239 735 1488 818 quidem
1557 734 1917 798 recentioris
1986 734 2124 798 aevi
2201 732 2627 798 testimonium

334 838 739 903 Alexandrini
785 838 1071 902 cothurni
1115 836 1480 902 auctoritati
1525 835 1939 918 suffragatum
1994 835 2159 918 quod
2204 835 2405 899 altum
2449 834 2633 898 silen-

333 938 494 1004 tium
540 939 830 1003 disertius
875 939 1041 1004 certe
1080 938 1379 1020 loquitur,
1417 955 1608 1019 quam
1652 955 1863 1000 omnes
1904 935 2247 1001 rumusculi
2272 935 2633 1017 opinabiles,

333 1040 435 1105 Ad
497 1059 808 1104 summam
870 1039 1070 1122 igitur
1133 1039 1180 1103 ii
1235 1039 1353 1102 viri
1421 1036 1617 1116 docti,
1655 1037 1794 1120 ,(1111
1864 1036 2114 1101 omnino
2181 1026 2634 1100 Alexandrinas

332 1140 690 1224 tragoedias
741 1159 908 1205 mera
960 1140 1312 1205 hemerobia
1359 1140 1546 1204 fuisse
1592 1158 1666 1204 ac
1710 1158 1785 1203 ne
1829 1155 2023 1220 usque
2066 1137 2147 1202 ad
2192 1154 2451 1201 auream
2495 1135 2635 1218 qui-

336 1243 475 1306 dem
519 1241 876 1305 litterarum
907 1241 1331 1306 Romanarum
1365 1242 1638 1306 aetatem
1684 1241 1937 1306 durasse
1977 1239 2216 1322 opinati
2258 1237 2406 1302 sunt
2421 1240 2465 1319 4,
2506 1237 2635 1302 uti-

336 1362 454 1425 que
497 1342 985 1424 adstipulantem
1032 1361 1129 1407 me
1172 1343 1422 1407 habent.

533 1441 656 1508 Sed
701 1447 962 1525 quaerat
1015 1442 1345 1525 quispiam,
1372 1443 1486 1508 hoc
1531 1443 1685 1520 loco,
1752 1461 1901 1506 num
1946 1424 2169 1506 salte'm
2214 1438 2294 1505 ad
2358 1440 2637 1504 excolen-

337 1544 484 1608 dum
552 1543 789 1626 grande
853 1539 1168 1625 quoddam
1231 1543 1474 1608 dicendi
1528 1562 1741 1625 genuS,
1814 1542 2106 1606 subtilem
2156 1539 2637 1623 argumentandi

340 1646 662 1721 rationem,
731 1645 1179 1708 sententiarum
1229 1644 1614 1727 splendorem
1659 1643 2055 1720 rhetoricum,
2104 1643 2327 1724 quibus
2371 1641 2639 1706 maxime

340 1747 600 1813 Ovidius
659 1745 1021 1828 delectatur,
1092 1749 1334 1828 praeter
1399 1748 1714 1811 rhetorum
1781 1743 2175 1827 disciplinam
2245 1741 2637 1826 tragoediam
2742 1803 2759 1810 -

339 1847 604 1912 alicuius
675 1847 973 1910 momenti
1044 1846 1233 1911 fuisse
1289 1865 1429 1910 cum
1476 1846 1719 1910 Rohdio
1769 1844 1839 1928 (l.
1886 1845 1927 1910 l.
1975 1863 2031 1926 p.
2083 1844 2229 1924 128)
2274 1845 2636 1907 sumamus?

342 1948 520 2030 Quod
563 1947 846 2030 equidem
909 1966 1057 2012 sane
1116 1947 1492 2012 obstinatius
1543 1964 1667 2012 non
1728 1945 2035 2030 negarim3
2104 1961 2464 2026 quanquam
2531 1943 2639 2026 qui

340 2050 502 2114 hanc
546 2048 789 2112 dicendi
834 2049 1274 2130 proprietatem
1320 2048 1762 2113 Alexandrinis
1807 2045 2109 2129 poematis
2155 2045 2406 2110 omnino
2456 2044 2640 2109 abro-

341 2153 485 2234 gat,
551 2149 1004 2214 inconsiderate
1067 2149 1262 2233 agit5.
1350 2155 1562 2215 Unum
1610 2149 2052 2230 gravissimum
2110 2148 2299 2230 atque
2354 2145 2419 2210 id
2474 2144 2639 2228 apud

547 2443 564 2472 ¹
604 2440 774 2494 Trist.
811 2440 884 2508 ΙΙ,
923 2440 1044 2494 393.
1104 2439 1361 2492 Ceterum
1405 2439 1593 2493 1166610
1645 2456 1717 2492 an
1756 2436 1990 2491 Ovidius
2030 2435 2453 2506 tragoediarum
2499 2433 2640 2487 hanc

343 2530 820 2587 enumerationem
857 2546 1010 2583 mero
1038 2528 1294 2598 catalogo
1319 2545 1450 2581 usus
1480 2527 1861 2596 compleverit,
1900 2527 1988 2581 cui
2014 2526 2282 2579 nimirum
2309 2528 2642 2594 argumenta

343 2620 593 2674 breviter
631 2622 893 2673 enarrata
928 2619 1148 2672 intexta
1183 2622 1362 2682 erant,
1420 2636 1530 2687 (1110
1568 2617 1739 2671 Birtii
1785 2617 2067 2671 dubitatio
2120 2617 2177 2685 (l.
2214 2616 2249 2670 l.
2287 2633 2341 2685 p.
2380 2617 2507 2685 400)
2558 2614 2639 2667 in·

344 2708 631 2779 fringitur.
704 2710 784 2761 At
821 2707 1063 2776 Byblida
1103 2712 1161 2762 et
1199 2706 1490 2780 Myrrham
1525 2711 1693 2775 poeta
1730 2724 1801 2761 ne
1837 2706 2089 2760 nominat
2130 2704 2369 2773 quidem.

545 2798 567 2829 ²
603 2796 662 2850 P.
703 2798 786 2849 67.
826 2799 875 2851 3.
917 2782 984 2835 ——'-
1023 2796 1221 2851 Rohde
1258 2796 1318 2865 (1.
1357 2797 1394 2850 1.
1431 2814 1487 2865 p.
1527 2797 1613 2849 36.
1638 2796 1695 2863 6)
1732 2795 1865 2850 111116
1899 2794 2225 2864 tragoediae
2262 2792 2641 2846 inventionem

345 2885 633 2954 epistulae,
690 2904 801 2955 qua
844 2884 1100 2939 Phaedra
1150 2886 1350 2953 utitur,
1413 2884 1653 2938 fortasse
1708 2883 2099 2953 assignandam
2158 2898 2273 2936 esse
2323 2880 2642 2934 existumat.

347 2973 608 3027 Demiror
660 2976 774 3028 tale
830 2974 1116 3045 effugium,
1175 2974 1439 3042 quoniam
1477 2973 1697 3041 reliqua
1735 2971 2247 3025 Alexandrinorum
2283 2965 2483 3038 poesis,
2532 2984 2643 3035 qua

347 3062 508 3116 unice
547 3062 768 3117 laudem
807 3062 914 3116 sibi
960 3066 1304 3132 pepererunt
1342 3066 1399 3116 et
1441 3061 1747 3130 plurimum
1804 3060 2105 3113 valuerunt
2162 3058 2310 3127 apud
2370 3059 2643 3125 posteros,

347 3155 546 3219 sponte
582 3169 639 3205 se
677 3150 858 3206 offert.
931 3152 1016 3206 De
1054 3169 1165 3220 qua
1201 3169 1263 3205 re
1301 3151 1432 3205 nolo
1469 3154 1745 3219 repetere,
1802 3166 1942 3217 quae
1979 3151 2111 3201 ante
2147 3146 2353 3216 passim
2394 3144 2641 3214 exposui.

346 3238 524 3293 Taceo
559 3240 628 3293 de
665 3240 962 3295 Schmidtii
998 3225 1370 3294 hariolatione
1409 3238 1603 3308 (Arch.
1646 3238 1772 3308 Ztg.
1817 3239 1954 3289 1847
1991 3253 2047 3305 p.
2086 3238 2199 3303 65),
2240 3234 2337 3303 qui
2374 3234 2435 3286 in
2471 3233 2643 3301 Lyco-

344 3327 577 3395 phronis
617 3327 811 3382 fabula
849 3328 1087 3382 Senecae
1126 3332 1183 3382 et
1221 3326 1412 3381 Ovidii
1450 3310 1736 3395 exemplar
1773 3325 2049 3379 detexisse
2091 3324 2198 3377 sibi
2236 3324 2388 3377 visus
2425 3326 2523 3376 est.

331 3456 336 3461 ·
547 3416 570 3448 ⁸
609 3416 691 3469 Cf.
745 3416 977 3483 Dilthey
1022 3415 1130 3470 Rh.
1186 3416 1328 3469 Mus.
1387 3415 1542 3468 XXV
1598 3432 1654 3483 p.
1718 3414 1837 3467 155.
1894 3417 1936 3466 l.
2033 3412 2231 3467 Rohde
2277 3412 2389 3466 1.1.
2454 3427 2509 3478 p.
2557 3410 2643 3463 36.

346 3506 432 3558 95.
485 3508 526 3557 l.
583 3534 654 3542 —
708 3503 996 3573 Caligulae
1033 3503 1379 3572 temporibus
1425 3502 1618 3556 fabula
1658 3502 1889 3569 Cinyras
1944 3501 2111 3554 docta
2160 3504 2259 3561 est,
2317 3518 2460 3569 quae
2497 3498 2645 3567 Myr-

347 3593 482 3647 rhae
528 3592 648 3646 fata
694 3592 1019 3646 illustrabat
1075 3597 1303 3647 auctore
1349 3592 1546 3645 Flavio
1596 3590 1831 3660 Iosepho
1894 3589 2083 3653 (Arch.
2136 3589 2287 3655 XIX,
2335 3592 2379 3642 1.
2424 3591 2516 3657 133
2574 3588 2645 3642 cf.

347 3681 497 3734 Suet.
539 3680 712 3750 Calig.
752 3683 837 3734 57.
911 3681 1173 3734 Welcker
1219 3681 1254 3733 l.
1295 3682 1330 3733 l.
1376 3698 1430 3749 p.
1478 3681 1613 3732 1226
1650 3682 1773 3747 sq.).
1839 3708 1901 3716 —-
1962 3677 2161 3731 Rohde
2208 3678 2243 3729 l.
2286 3678 2319 3731 l.
2374 3695 2428 3745 p.
2468 3680 2537 3729 36
2573 3677 2646 3731 ad

347 3769 580 3823 eandem
638 3770 933 3823 materiam
986 3768 1294 3823 Ptolemaei
1349 3767 1730 3835 Philopatoris
1786 3766 2043 3819 Adonem
2095 3765 2378 3834 (Welcker
2426 3766 2461 3819 l.
2500 3766 2537 3818 l.
2587 3784 2642 3834 p.

353 3859 488 3912 1269
526 3858 629 3926 6(1.)
669 3858 1017 3911 referendam
1057 3875 1174 3911 esse
1211 3857 1540 3925 existumat3
1580 3873 1694 3909 non
1730 3856 1895 3909 video
1933 3872 2043 3923 quo
2081 3854 2219 3909 iure.

549 3950 570 3979 4
609 3947 691 4001 Of.
731 3947 948 4001 Robert
983 3946 1152 4000 Arch.
1189 3946 1312 4016 Ztg.
1360 3947 1494 3998 1878
1537 3963 1597 4013 p.
1642 3946 1724 3997 16.
1765 3943 1876 3997 Leo
1914 3944 1951 3996 l.
1990 3944 2026 3996 l.
2064 3960 2119 4011 p.
2150 3944 2268 3996 165.
2294 3972 2358 3981 --
2388 3942 2645 3996 Ceterum

350 4053 500 4100 cave,
537 4054 608 4089 ne
647 4037 990 4105 pantomimo
1029 4036 1175 4089 iusto
1216 4035 1342 4104 plus
1365 4034 1600 4102 tribuas,
1640 4051 1805 4102 quem
1829 4050 1966 4101 prae
1993 4033 2192 4086 ceteris
2218 4032 2463 4102 tragicos
2489 4031 2647 4101 ignes

349 4127 599 4176 secutum
637 4141 752 4178 esse
788 4125 1064 4178 Lucianus
1102 4124 1170 4177 de
1209 4124 1346 4178 Salt.
1387 4124 1452 4175 61
1493 4127 1750 4176 testatur.

553 4212 576 4243 ⁵
615 4211 698 4265 Of.
734 4211 932 4265 Rohde
968 4212 1004 4265 l.
1042 4212 1080 4266 1.
1138 4241 1203 4251 —-
1261 4212 1388 4266 Non
1435 4212 1641 4265 attinet
1688 4209 1929 4278 exempli
1974 4209 2162 4279 gratia
2207 4206 2474 4261 Ovidium
2520 4224 2645 4261 cum

351 4299 650 4354 Theocrito
693 4318 1040 4369 componere,
1099 4300 1197 4369 qui
1234 4306 1366 4354 ante
1402 4316 1595 4353 omnes
1632 4302 1748 4352 tam
1794 4297 2038 4366 simplici
2084 4314 2147 4351 ac
2191 4297 2386 4351 nativa
2423 4295 2647 4349 dicendi

351 4388 570 4444 ratione
625 4389 850 4457 eminet,
905 4392 970 4443 ut
1018 4406 1197 4461 paene
1245 4388 1426 4460 ipsam
1472 4392 1735 4443 naturam
1782 4386 2095 4460 exprimere
2142 4385 2416 4443 videatur.
2490 4384 2647 4445 Inter
