3157 5028
1434 378 1500 432 81

317 548 554 615 indicia
597 549 777 624 sunt3
819 567 1015 632 neque
1053 548 1121 613 in
1165 547 1469 615 Antonini
1515 549 1782 632 epitome
1830 549 2046 616 relicta
2093 570 2216 617 non
2252 552 2417 632 sunt,
2465 565 2623 635 quae

315 651 434 716 hoc
480 648 866 728 confirment,
933 649 1119 714 talia:
1186 646 1294 713 καὶ
1339 644 1374 714 ὁ
1414 645 1534 731 μὲν
1577 651 1689 728 (sc.
1740 648 1962 731 Θείας)
2014 647 2081 715 ἐν
2122 659 2217 738 τῷ
2262 645 2425 737 οἴκῳ
2467 674 2623 717 σκο-

313 753 502 828 ταῖος
569 747 684 816 ἐπὶ
747 751 863 838 τῆς
925 753 1268 838 στρωμνῆς
1323 749 1651 832 ἐξεδέχετο
1704 746 1822 841 τὴν
1873 745 2089 838 κόρην,
2160 747 2207 837 ἦ
2249 751 2321 818 δέ
2370 746 2622 839 τροφὸς

315 853 792 938 κατακρύψασα
842 854 922 940 τῇ
975 849 1218 938 ἐσθῆτι
1269 847 1385 941 τήν
1438 846 1745 936 Σμύρναν
1796 846 2184 942 παρήγαγεν.
2274 854 2476 935 Quam
2520 854 2621 919 fu-

315 957 560 1022 nestam
625 954 1060 1020 deductionem
1125 954 1308 1036 poeta
1363 953 1685 1020 Romanus
1747 955 1936 1020 etiam
2004 954 2308 1039 copiosius
2374 955 2623 1039 effingit

315 1077 374 1121 v.
420 1057 547 1121 462
593 1073 715 1139 sq.:
807 1121 813 1126 .

617 1158 1016 1224 cunctantem
1063 1157 1369 1242 longaeva
1411 1176 1601 1223 manu
1646 1157 1899 1224 deducit
1944 1160 2007 1224 et
2048 1159 2180 1224 alto

614 1259 934 1325 admotam
974 1260 1135 1325 lecto
1182 1278 1322 1325 cum
1367 1259 1645 1324 traderet
1682 1253 1951 1342 ‘accipe'
2000 1260 2159 1325 dixit
2202 1279 2251 1326 e.
2284 1279 2343 1343 q.
2375 1279 2423 1326 e.

315 1361 506 1428 Vides
549 1361 892 1444 speciosum
937 1361 1436 1428 additamentum
1482 1353 1959 1445 κατακρύψασα
1998 1363 2079 1450 τῇ
2124 1359 2363 1427 ἐσθῗτι
2400 1361 2619 1427 abillo

315 1461 670 1545 neglectum
711 1479 859 1526 esse.
945 1462 1260 1527 Incestum
1291 1461 1556 1545 denique
1589 1463 1754 1526 hunc
1784 1463 2015 1527 exitum
2048 1463 2235 1528 habet
2266 1482 2323 1528 v.
2350 1463 2475 1527 472
2499 1481 2621 1544 sq.:

515 1581 660 1628 cum
699 1562 954 1628 tandem
1002 1562 1284 1648 Cinyrae,
1331 1563 1552 1628 avidus
1598 1581 1966 1646 cognoscere
2010 1563 2324 1629 amantem

515 1663 655 1746 post
698 1663 796 1728 tot
839 1664 1224 1748 concubituS,
1269 1664 1467 1730 inlato
1512 1663 1750 1729 lumine
1796 1663 1957 1728 vidit

463 1785 482 1804 ·
518 1766 582 1831 et
621 1765 820 1830 scelus
865 1766 926 1830 et
972 1766 1186 1832 natam
1234 1765 1560 1848 verbisque
1604 1765 1815 1830 dolore
1856 1763 2116 1830 retentis

515 1866 812 1951 pendenti
855 1865 1128 1931 nitidum
1174 1867 1406 1950 vagina
1451 1865 1681 1949 deripit
1724 1885 1949 1932 ensem.

515 1968 774 2054 Myrrha
817 1966 987 2049 fugit
1030 1987 1080 2032 e.
1129 1987 1186 2050 q.
1237 1987 1284 2032 s.

315 2070 540 2137 Simila
601 2068 862 2134 narrant
927 2068 1178 2134 Servius
1242 2069 1456 2152 (Verg.
1504 2069 1657 2132 Buc.
1703 2057 1782 2147 X,
1842 2070 1984 2146 18):
2054 2066 2339 2152 ‘cupiens
2403 2067 2623 2134 deinde

314 2172 524 2238 videre
587 2170 800 2236 vultus
867 2171 1139 2254 puellae,
1214 2171 1425 2236 lumen
1497 2171 1681 2236 iussit
1753 2171 1970 2236 inferri
2034 2171 2355 2253 visamque
2422 2170 2623 2235 filiam
2704 2181 2706 2188 '

315 2273 600 2358 persequi
666 2291 808 2338 cum
873 2269 1085 2354 gladio
1153 2271 1374 2353 coepit,
1441 2272 1513 2335 ut
1569 2270 1975 2336 interficeret'
2034 2290 2084 2336 e.
2131 2290 2189 2353 q.
2231 2289 2279 2335 s.
2300 2271 2319 2310 ¹
2363 2271 2425 2335 et
2468 2271 2623 2336 Plu-

313 2373 598 2440 tarchUS.
667 2371 835 2436 ποτέ
888 2369 960 2437 δέ
1010 2365 1300 2458 θελήσας
1358 2366 1474 2459 τὴν
1521 2369 1773 2454 ἐρῶσαν
1824 2374 2090 2454 μαθεῖν,
2158 2370 2299 2454 φῶς
2354 2359 2622 2458 ᾔτησεν·

313 2468 480 2541 ἰδων
546 2472 635 2554 δέ,
704 2466 980 2563 ξιφήρης
1049 2467 1168 2558 τὴν
1240 2461 1706 2558 ασελγεοτάτην
1778 2468 2061 2537 ἐδίωκεν.
2172 2465 2269 2537 ‘H
2321 2469 2393 2537 δὲ
2460 2494 2622 2536 κατα

317 2569 638 2659 πρόνοιαν
701 2566 1101 2661 Λφροδίτης
1165 2570 1260 2651 εἷς
1319 2568 1669 2656 ὁμωνυμον
1729 2572 1992 2656 δένδρον
2048 2566 2617 2694 μεῑεμορφωθηῖ.

315 2678 621 2745 Antonini
667 2678 933 2760 epitome
999 2678 1228 2760 partim
1301 2678 1611 2759 congruit,
1685 2677 1915 2759 partim
1986 2675 2269 2741 dissidet.
2349 2672 2461 2738 καὶ
2532 2697 2623 2751 ως

317 2778 546 2863 ἐκύησε
590 2777 711 2862 μέν
755 2772 795 2863 ἦ
819 2772 1103 2863 Σμύρνα,
1141 2776 1423 2843 Θείαντα
1466 2776 1538 2842 δέ
1582 2772 1812 2855 πόθος
1858 2772 2089 2859 ἔλαβεν
2130 2771 2511 2859 ἐκμαθεῖν(
2482 2772 2623 2865 η’τις

316 2905 394 2945 rw
435 2875 475 2970 ἡ
521 2873 784 2963 κύουσα,
849 2878 884 2944 ὅ
933 2879 1051 2962 μὲν
1094 2878 1463 2963 κατέκρυψε
1511 2886 1643 2961 πῦρ
1691 2874 1785 2956 εἰς
1823 2873 1942 2943 τὸν
1990 2901 2193 2956 οικον,
2257 2870 2518 2964 Σμύρνα
2563 2877 2621 2942 δ’

315 2975 408 3060 ὥς
453 2980 702 3062 ἐξίκετο
747 2975 920 3065 πρὸς
961 2972 1179 3063 αὐτόν,
1246 2976 1564 3058 ἐπάϊστος
1607 2977 1855 3065 ἐγένετο
1901 2977 2423 3063 προενεχθέντος
2480 2977 2622 3060 ἐξα-

315 3082 512 3166 πίνης
551 3084 671 3149 τοῦ
705 3076 936 3165 πυρός,
988 3081 1094 3147 καὶ
1137 3080 1215 3147 τὸ
1256 3081 1507 3169 βρέφος
1546 3078 1666 3164 μ’ἐν
1708 3080 2006 3164 ἐξέβαλεν
2050 3080 2121 3147 ἐκ
2162 3082 2282 3165 τῆς
2323 3072 2618 3164 γαστρός,

315 3180 479 3270 αὐτὴ
531 3184 587 3249 δ’
627 3176 1013 3265 ,ἄνασχοῦσα
1070 3178 1186 3261 τὰς
1235 3186 1458 3266 χεῖρας
1512 3183 1756 3269 ηὔξατο
1809 3178 1972 3270 μήτε
2027 3177 2209 3264 παρὰ
2262 3182 2421 3264 ζῶσι
2473 3175 2619 3271 μήτ’

319 3286 384 3351 ἐν
435 3290 692 3367 νεκροῖς
741 3288 1036 3375 φανῆναι.
1089 3322 1170 3332 --
1221 3284 1534 3351 Ovidiana
1581 3305 1825 3368 quoque
1860 3286 2074 3367 ,puella
2126 3285 2275 3350 deos
2319 3285 2625 3367 impreca-

317 3387 442 3468 tur,
492 3387 565 3451 ut
618 3388 918 3453 ambobus
961 3385 1025 3452 se
1069 3386 1305 3470 pellant
1357 3386 1566 3469 regnis
1614 3405 1671 3450 v.
1718 3387 1841 3451 483
1886 3389 2050 3468 sq.⁸;
2118 3385 2224 3450 sed
2270 3385 2625 3454 Antoninus

456 3535 464 3541 ”
524 3541 544 3572 ¹
583 3538 808 3593 Servius
845 3538 1024 3591 altero
1063 3537 1184 3592 loeo
1223 3536 1409 3607 (Verg.
1431 3539 1572 3591 Aen.
1596 3537 1661 3605 V,
1700 3537 1793 3607 72)
1831 3540 1889 3591 et
1924 3535 2325 3607 Mythographi
2361 3535 2624 3591 Vaticani

319 3628 454 3683 item
492 3629 744 3701 gladium
779 3627 1040 3682 strictum
1078 3630 1532 3682 commemorant.

523 3716 545 3749 ²
581 3714 853 3770 Stobaeus
892 3715 1075 3770 addit:
1129 3712 1162 3779 ἡ
1207 3714 1270 3767 δὲ
1320 3709 1785 3783 περικατάληπτος
1820 3711 1955 3768 κατὰ
2001 3708 2271 3784 πρόνοιαν
2312 3716 2439 3777 κτλ.,
2498 3730 2623 3767 cum

322 3804 524 3872 quibus
564 3802 819 3859 conferas
855 3803 1289 3872 Apollodorum:
1347 3800 1380 3869 ἡ
1419 3802 1483 3855 δὲ
1526 3804 2191 3873 περικαταλαμβανομένη
2233 3808 2384 3879 θεοῖς
2432 3795 2625 3868 ηὔξατο

318 3888 538 3965 ἀφανὴς
571 3895 858 3961 γενέσθαι..
899 3921 962 3931 -
1006 3890 1315 3945 Scholiasta
1346 3888 1590 3960 Oppiani
1626 3891 1732 3944 ita:
1770 3886 1936 3959 γνοὺς
1974 3890 2024 3942 δ’
2064 3888 2094 3942 ὁ
2127 3886 2303 3960 πατὴρ
2338 3890 2625 3950 κατεδίωξε

318 3978 486 4047 αὐτὴν
530 3978 629 4046 τὴν
676 3983 954 4050 θυγατέρα
993 3980 1088 4031 ἐπὶ
1131 3978 1207 4047 τῷ
1245 3978 1532 4049 φονεῦσαι,
1591 3972 1813 4045 ἐλεήσας
1850 3978 1901 4031 δ’
1937 3973 2104 4043 αὐτὴν
2141 3976 2171 4031 ὁ
2214 3973 2353 4037 Ζεὺς
2398 3979 2627 4043 ἐποίησε

313 4064 477 4140 χάναι
517 4068 616 4135 τὴν
650 4068 758 4137 γῆν
791 4071 882 4121 καὶ
919 4067 1187 4126 δέξασ9αι
1223 4061 1405 4133 αὐτήν,
1451 4070 1543 4119 καὶ
1580 4066 1641 4119 ἐκ
1681 4066 1777 4119 τοῦ
1820 4062 1995 4120 τόπου
2038 4063 2243 4133 ἀνῆλθε
2291 4063 2468 4137 φυτόν
2512 4070 2625 4122 κτλ.

318 4158 489 4228 Apud
526 4158 807 4228 Hyginum
859 4156 900 4210 f.
939 4158 1008 4210 58
1052 4156 1245 4225 puella
1288 4156 1504 4225 pudore
1551 4154 1841 4209 stimulata
1887 4155 1947 4207 in
1992 4155 2159 4209 silvas
2211 4172 2267 4210 se
2321 4155 2497 4224 abdit,
2553 4172 2625 4209 ne

317 4249 505 4315 palam
542 4246 644 4301 fiat
678 4264 735 4301 se
773 4246 1105 4315 concepisse.
1170 4309 1176 4315 ¹

519 4334 544 4368 ⁸
579 4334 814 4389 Praeter
851 4334 1108 4389 laudatos
1148 4337 1402 4389 auctores
1440 4332 1827 4402 Lycophronis
1877 4332 2175 4387 scholiasta
2228 4332 2371 4386 hanc
2420 4330 2623 4398 impre-

321 4422 598 4477 cationem
636 4426 1052 4479 commemorat.

2189 4508 2223 4559 6
