3157 5028
1450 379 1519 432 45

322 551 396 616 in
438 550 643 633 priore
686 549 924 616 fabula.
1014 551 1088 614 In
1143 569 1269 633 qua
1312 551 1675 635 quaestione
1718 550 1910 616 miror
1953 551 2389 636 Aristophanis
2437 554 2632 620 cavil-

324 652 595 718 lationes
638 652 717 716 ab
761 651 1048 716 omnibus
1093 651 1410 734 neglectas
1465 671 1613 716 esse.
1701 651 1815 716 Ille
1859 651 2019 716 enim
2069 654 2296 719 acriter
2338 655 2402 720 in
2448 655 2632 720 Euri·

305 752 493 834 ,pidis
547 751 860 818 Phaedras
923 751 1171 833 πόρνας
1235 752 1514 819 invectus
1568 751 1756 836 (Ran.
1809 753 2040 832 1043)¹
2094 755 2467 836 Aeschylum
2524 755 2631 821 de-

327 852 681 917 fendentem
726 852 1073 917 introducit
1117 852 1446 934 antiquum
1490 854 1552 917 et
1596 854 1836 918 castum
1885 853 2193 919 scribendi
2222 873 2455 919 morem
2486 874 2631 920 con·

326 954 434 1016 tra
476 950 855 1036 Euripidem,
923 952 1032 1036 qui
1086 953 1373 1035 stuprum
1425 951 1550 1018 fere
1595 954 1795 1035 ipsum
1852 953 1917 1018 in
1974 973 2257 1020 scaenam
2321 956 2630 1038 produxit,

329 1054 428 1118 his
477 1054 680 1118 verbis
723 1055 881 1119 Ran.
933 1055 1125 1119 1053:
1196 1044 1333 1118 ἀλλ’
1379 1046 1841 1134 ἀποκρύπτειν
1882 1050 2001 1143 χρὴ
2044 1050 2121 1118 τὸ
2167 1052 2457 1140 πονηρὸν
2519 1050 2631 1121 τόν

328 1176 400 1238 γε
433 1153 725 1238 norim.
815 1154 1024 1236 Quid?
1083 1155 1151 1220 Si
1193 1155 1526 1238 Sophocles
1554 1174 1799 1239 quoque
1828 1156 2176 1222 Phaedram
2220 1175 2399 1222 suam
2442 1158 2632 1240 pesti-

327 1255 462 1320 fera
499 1255 758 1320 libidine
803 1255 1136 1321 manifesto
1176 1257 1422 1338 raptam
1467 1256 1536 1321 in
1584 1275 1871 1321 scaenam
1913 1256 2275 1338 induxisset,
2322 1277 2471 1322 num
2496 1257 2631 1322 fieri

328 1356 468 1419 tum
535 1355 785 1420 omnino
845 1356 1068 1438 potuit,
1138 1357 1210 1420 ut
1271 1357 1542 1421 comicus
1587 1357 1682 1421 his
1740 1357 2036 1421 conviciis
2081 1357 2440 1439 Euripidem
2483 1377 2631 1423 con-

328 1456 716 1520 sectaretur?
802 1457 1024 1538 Itaque
1088 1456 1252 1540 quod
1309 1457 1498 1522 Lehrs
1553 1457 1705 1522 olim
1764 1457 2085 1522 contendit
2147 1458 2395 1541 (Popul.
2448 1453 2628 1523 Aufs.

330 1573 390 1636 p.
429 1555 565 1632 18):
608 1556 660 1620 si
707 1575 812 1622 eae
851 1557 1172 1639 Sophoclis
1217 1557 1464 1623 fabulae
1505 1559 1788 1623 servatae
1832 1559 2052 1641 essent,
2101 1558 2165 1622 in
2197 1559 2418 1641 quibus
2448 1559 2631 1641 poeta

328 1654 633 1720 Helenam
678 1657 743 1721 in
787 1676 1076 1722 scaenam
1107 1657 1526 1723 deducendam
1558 1659 1679 1723 sibi
1710 1659 2049 1740 proposuit,
2095 1659 2241 1738 fore,
2286 1661 2356 1722 ut
2386 1660 2629 1724 castum

325 1756 391 1821 et
433 1757 724 1839 pudicum
771 1760 1084 1826 tractandi
1127 1779 1362 1825 morem
1407 1760 1881 1834 admiraremur,
1926 1760 1991 1825 id
2036 1779 2231 1845 aequo
2274 1761 2505 1826 iudicio
2550 1761 2628 1826 ad

329 1857 682 1924 Phaedram
723 1860 1140 1940 traducemuS,
1195 1862 1560 1944 praesertim
1606 1881 1748 1927 cum
1789 1863 1917 1926 eius
1961 1861 2352 1927 moderantia
2396 1882 2466 1926 ex
2509 1862 2629 1944 frg.

327 1960 458 2023 614
499 1960 619 2043 ipsi
662 1961 982 2028 Phaedrae
1038 1964 1169 2028 sine
1213 1963 1416 2028 dubio‘
1457 1963 1834 2046 assignando
1879 1962 2147 2029 dilucide
2191 1964 2629 2046 cognoscatur:

729 2087 1050 2170 σύγγνωτε
1094 2088 1507 2168 κάνάσχεσθε
1556 2090 1861 2172 σιγῶσαι·
1903 2082 1981 2157 τό
2024 2082 2140 2172 γὰρ

728 2187 1010 2272 γυναιξὶν
1051 2185 1316 2271 αἰσχρὸν
1359 2174 1429 2253 εὖ
1476 2193 1787 2272 γυναῖκα2
1834 2188 1938 2253 δεῖ
1975 2187 2241 2272 στέγειν.

327 2313 550 2379 Nonne
614 2314 935 2397 Sophoclis
987 2314 1272 2380 Phaedra
1329 2315 1446 2380 hoc
1509 2314 1674 2392 loco,
1753 2334 1876 2399 quo
1933 2333 2072 2379 cum
2136 2315 2319 2380 choro
2374 2314 2625 2379 foedum

324 2433 602 2481 amorem
654 2415 1142 2480 communicasse
1185 2415 1452 2495 videtur,
1519 2417 1591 2480 ut
1634 2416 1937 2498 posterior
1982 2415 2267 2479 Phaedra
2312 2415 2626 2497 Euripidis

328 2536 388 2581 v.
433 2517 559 2581 373
604 2520 754 2601 sq.³‚
821 2518 998 2599 quasi
1062 2518 1457 2585 commendat
1523 2520 1585 2582 et
1636 2519 1931 2601 praestat,
1999 2516 2163 2599 quod
2219 2516 2285 2579 in
2334 2516 2628 2598 Euripide

328 2616 674 2701 Aeschylus
718 2616 882 2700 apud
930 2618 1234 2683 comicum
1281 2618 1636 2683 desiderat?
1724 2620 1931 2700 Atque
1976 2618 2042 2681 ni
2097 2616 2284 2681 fallor
2326 2616 2507 2698 poeta
2552 2616 2628 2682 de

326 2717 641 2805 industria
683 2718 1043 2783 suadentem
1092 2719 1409 2784 heroinam
1459 2718 1643 2801 fingit
1695 2720 1934 2783 castam
1980 2718 2480 2783 taciturnitatem
2523 2736 2629 2799 pe-

326 2820 639 2884 tulantiae
683 2820 1080 2898 contrariam,
1137 2838 1259 2903 qua
1305 2822 1473 2902 prior
1517 2820 1833 2902 Euripidis
1877 2819 2161 2884 Phaedra
2208 2817 2440 2882 crimen
2483 2837 2628 2899 pro-

325 2920 490 2983 fessa
533 2921 668 2985 erat
711 2920 818 2999 (cf.
865 2920 986 3003 frg.
1028 2922 1215 3001 436);
1282 2940 1440 3003 quae
1500 2922 1805 3003 quantum
1859 2920 2091 2985 afuerit
2150 2919 2229 2984 ab
2290 2918 2627 2983 occulenda

324 3020 533 3085 taetra
577 3020 835 3087 libidine
877 3041 947 3086 ex
991 3039 1084 3104 ea,
1131 3040 1319 3103 quam
1365 3021 1755 3104 adumbravi,
1803 3021 2081 3103 imagine
2129 3021 2417 3104 cognosci
2460 3021 2626 3085 licet.

324 3120 552 3204 Itaque
606 3122 770 3204 quod
815 3121 1263 3204 Aristophanes
1317 3122 1560 3203 saepius
1611 3121 1927 3204 Euripidis
1971 3121 2321 3187 Phaedram
2376 3122 2627 3203 propter

322 3224 524 3306 ipsam
579 3224 930 3302 materiam,
997 3224 1068 3286 ut
1113 3224 1378 3301 videtur,
1438 3222 1882 3287 contumeliose
1926 3221 2183 3286 denotat
2226 3221 2330 3302 (cf.
2379 3222 2623 3285 Thesm.

330 3324 472 3389 153.
503 3320 654 3404 497)
697 3322 879 3409 plane
923 3323 1254 3407 neglegens
1283 3321 1648 3405 Sophoclem
1696 3341 1940 3404 quoque
1971 3322 2321 3387 Phaedram
2361 3322 2429 3386 in
2456 3340 2627 3386 scae-

323 3442 476 3489 nam
517 3423 890 3505 produxisse,
935 3425 1002 3489 id
1043 3423 1386 3489 faciliorem
1431 3422 1807 3504 explicatum
1850 3422 2121 3503 habebit,
2190 3421 2244 3485 si
2294 3424 2626 3504 sumpseris

533 3698 551 3728 ¹
591 3694 800 3762 Ambas
839 3692 1124 3749 Phaedrae
1161 3694 1421 3763 denotat3
1460 3712 1591 3747 nam
1627 3692 1735 3747 hoc
1772 3692 1893 3747 loco
1924 3692 2206 3747 Phaedrae
2246 3708 2372 3746 cum
2398 3690 2625 3747 Sthene-

327 3783 484 3838 boeis
519 3784 828 3853 componit,
893 3801 1018 3836 cum
1056 3782 1392 3854 Melanippis
1430 3782 1651 3836 Thesm.
1693 3784 1795 3834 547
1836 3780 2044 3835 addens
2082 3780 2356 3851 singulari
2393 3798 2623 3835 numero

326 3866 659 3936 Πηνελόπην
700 3871 762 3923 δὲ
811 3864 1090 3925 οὐπώποτ’
1136 3870 1370 3937 gnesna&
1444 3871 1633 3925 Nihilo
1682 3870 1859 3924 secius
1896 3869 2203 3937 Aeschylus
2241 3869 2277 3922 1.
2316 3870 2353 3922 l.
2393 3870 2507 3923 tale
2543 3869 2625 3923 vi-

325 3960 468 4013 tium
516 3960 787 4031 exagitat,
843 3959 994 4028 quod
1032 3958 1333 4029 Euripides
1380 3960 1440 4012 in
1490 3962 1799 4013 retractata
1855 3957 2048 4012 fabula
2100 3956 2263 4011 anxie
2318 3956 2626 4025 vitaverat;

325 4066 532 4102 novum
578 4048 637 4101 id
686 4047 1095 4111 documentum,
1155 4064 1320 4115 quam
1383 4064 1495 4101 non
1545 4048 1619 4101 ad
1668 4047 1856 4101 vivum
1905 4046 2144 4100 resecari
2179 4045 2382 4099 debeat
2426 4045 2627 4099 comici

326 4136 385 4189 di
483 4137 608 4189 itas.

387 4154 482 4191 0³0
528 4224 548 4255 ⁹
588 4222 760 4276 Codd.
797 4224 896 4275 aut
936 4222 998 4274 ἐν
1032 4226 1246 4289 γυναικὶ
1288 4226 1386 4275 aut
1412 4218 1516 4275 σὺν
1537 4226 1755 4290 γυναικὶ
1766 4245 1783 4286 ;
1822 4212 1880 4273 εὖ
1904 4228 2134 4291 γυναῖκα
2162 4221 2386 4290 scripsit
2412 4220 2625 4274 Nauck.

527 4310 550 4343 ⁸
587 4309 718 4363 Alio
755 4326 917 4363 sensu
955 4308 1240 4380 Euripidis
1276 4308 1532 4364 Phaedra
1570 4328 1622 4363 v.
1654 4310 1757 4362 710
1786 4326 1867 4377 sq.
1905 4308 2189 4363 silentium
2226 4313 2492 4379 precatur
2528 4306 2625 4377 (cf.

326 4396 585 4453 Welcker
622 4397 657 4452 1.
699 4398 736 4451 l.
774 4415 829 4467 p.
870 4398 1011 4463 398).
