3157 5028
1606 365 1679 419 70

493 559 612 624 que
679 537 1107 622 cognominem
1175 536 1244 600 in
1299 535 1453 600 Asia
1523 531 1901 608 condidisse·
1971 550 2095 650 qpa
2152 532 2227 596 de
2290 549 2359 595 re
2419 530 2514 595 ita
2558 529 2793 595 Nican-

494 642 636 706 der:
699 633 850 704 τότε
905 631 1138 715 νυκτὸς
1185 631 1222 701 ὁ
1269 635 1572 720 Μίλητος
1622 632 1821 716 ἐμβὰς
1864 629 1959 710 εἶς
2002 623 2245 697 ὄῖκατον
2285 631 2491 720 βουλῇ
2535 635 2795 714 Σαρπη·

494 734 687 817 δόνος
749 763 846 817 εις
897 737 1154 823 Καρίαν
1214 728 1685 819 ἀποδιδράσκει
1750 733 1860 798 καὶ
1926 729 2125 800 πόλιν
2192 731 2511 798 ἐνταυθοῖ
2572 730 2797 808 κτίσας

493 839 798 926 Μίλητον
843 836 1075 925 ἔγημεν
1117 835 1446 923 Εἶδοθέ-ην
1490 835 2045 901 uvZ.P1-aefat11s
2100 836 2309 901 autem
2354 835 2491 900 erat
2537 833 2797 899 Ovidius

493 943 760 1008 referens
806 963 862 1008 v
908 943 1022 1006 441
1078 960 1169 1024 sq.
1212 940 1426 1005 Minoa
1470 940 1623 1004 tunc
1665 936 2019 1002 invalidum
2066 934 2456 1019 pertimuisse
2507 928 2798 1000 ‘Deioni-

494 1044 734 1126 denque
775 1043 1070 1107 iuventae
1099 1041 1341 1106 Robore
1374 1039 1665 1104 Miletum
1696 1038 2073 1120 Phoeboque
2117 1037 2373 1118 parente
2413 1023 2777 1117 superbum'
2780 1083 2797 1113 ‚

495 1162 679 1226 quem
723 1143 1060 1208 secundum
1107 1141 1514 1222 Nicandrum,
1570 1158 1711 1205 cum
1758 1139 2013 1221 pulcher
2056 1144 2233 1220 esset,
2278 1134 2315 1200 ὁ
2361 1133 2595 1212 Μίνως
2632 1129 2798 1198 κατὰ

495 1237 725 1308 πόθον
747 1247 766 1286 ¹
811 1240 1116 1325 ἐνεχείρει
1155 1236 1517 1323 βιάζεσθαι.
1604 1240 2053 1305 Aristocritum
2114 1233 2324 1302 autem
2368 1236 2443 1302 de
2483 1254 2553 1301 00
2596 1235 2798 1300 tradi-

494 1345 656 1410 disse
698 1344 907 1410 ferunt
973 1337 2351 1424 (801101.Αρο11.1111011.1,185).τοῦτον
2410 1333 2483 1401 δὲ
2547 1333 2797 1418 ἄνδρω-

495 1444 703 1511 &svm
743 1443 852 1508 καὶ
895 1437 1360 1530 φθονούμενον
1407 1436 1546 1508 ὑπὸ
1599 1441 1715 1506 τοῦ
1764 1438 2040 1528 Μίνωος
2082 1431 2493 1524 ἀναχωρῆσαι
2546 1433 2640 1514 είς
2683 1431 2800 1523 τὴν

495 1545 713 1628 Σάμον
753 1545 886 1611 κτλ.
919 1582 999 1592 -—-
1029 1544 1445 1627 Apollodorus
1490 1543 1783 1622 111,1.2
1827 1541 2093 1623 denique
2133 1541 2298 1605 inter
2344 1540 2569 1606 liberos
2599 1540 2797 1604 Euro-

496 1668 609 1731 pae
652 1649 713 1714 et
757 1647 1104 1712 Asterionis
1160 1650 1474 1711 certamen
1531 1645 1742 1708 ortum
1802 1661 1933 1708 esse
1991 1642 2200 1724 prodit
2263 1642 2380 1707 hac
2442 1641 2517 1706 de
2580 1659 2798 1706 031183.

493 1741 751 1828 ι’σχουσι
806 1769 923 1832 γαρ
969 1743 1184 1830 ἔρωτα
1239 1739 1497 1825 παιδὸς,
1565 1768 1641 1822 ος
1694 1742 1987 1808 ἐκαλεῖτο
2038 1741 2336 1826 Μίλητος
2385 1777 2481 1806 -.
2548 1741 2671 1806 τοῦ
2727 1739 2798 1804 δὲ

495 1843 736 1925 παιδὸς
787 1843 960 1932 πρὸς
1023 1839 1416 1932 Σαρπηδόνα
1467 1843 1715 1928 μᾶλλον
1772 1840 2030 1920 οἰκείως
2088 1838 2354 1924 ἐᾰοντος
2418 1835 2799 1929 πολεμήσας

498 1948 732 2025 Μίνως
776 1946 1232 2033 ἐπροτέρησεν.
1301 1941 1364 2012 οὶ
1405 1945 1483 2012 δὲ
1528 1941 1865 2033 φεύγουσι,
1908 1944 2019 2009 καὶ
2060 1944 2365 2030 Μίλητος
2412 1943 2531 2025 μὲν
2581 1944 2799 2030 Καρίᾳ

495 2043 843 2134 προςσχών
885 2050 1018 2115 κτλ.
1094 2050 1381 2116 Ceterum
1425 2050 1500 2115 de
1528 2049 1819 2132 Apolline
1851 2049 2059 2114 Mileti
2102 2049 2278 2130 patre
2327 2046 2617 2111 omnibus
2650 2064 2801 2110 con-

497 2151 697 2227 venit3
743 2150 817 2216 de
845 2152 1047 2216 matre
1074 2151 1227 2218 Aria
1253 2151 1630 2216 Aristocrito
1662 2149 2043 2233 Apollodoro
2074 2147 2448 2214 scholiastae
2482 2146 2800 2212 Theocriti

496 2253 539 2319 l.
580 2253 624 2318 l.
671 2253 1125 2335 Etymologico
1155 2270 1384 2335 magno
1435 2251 1508 2332 (8.
1561 2271 1639 2316 v..
1667 2249 2019 2336 Μίλητος);
2063 2270 2225 2315 1111118
2272 2248 2588 2315 Nicander
2639 2251 2799 2313 Aca-

496 2353 725 2419 callida
769 2353 998 2419 Minois
1041 2352 1237 2418 filiam
1263 2355 1287 2392 ²
1331 2371 1466 2417 eam
1513 2354 1714 2431 vocat,
1762 2371 1923 2417 unus
1966 2351 2227 2418 Ovidius
2272 2351 2567 2416 Deionen.
2600 2385 2676 2395 —
2709 2350 2799 2414 Ea

496 2455 694 2539 igitur
727 2454 920 2533 13110,
969 2472 1156 2537 quam
1196 2455 1376 2537 poeta
1409 2453 1729 2519 Romanus
1772 2453 1838 2517 in
1872 2452 2171 2538 Byblidos
2200 2453 2393 2535 stirpe
2420 2449 2799 2517 illustranda

495 2556 796 2639 sequitur,
841 2556 996 2621 satis
1040 2557 1253 2638 aperto
1306 2556 1678 2620 documento
1724 2556 1817 2620 est
1859 2556 2209 2637 temporum
2255 2554 2559 2619 invidiam
2605 2552 2801 2634 scrip-

495 2657 756 2732 toribus,
805 2656 912 2739 qui
955 2657 1221 2722 maxime
1263 2656 1330 2721 in
1379 2674 1632 2721 censum
1676 2656 1951 2739 veniant,
2003 2674 2126 2720 non
2165 2655 2535 2737 pepercisse;
2580 2653 2801 2718 turbae

495 2759 690 2823 latere
733 2759 992 2839 possunt
1054 2758 1120 2822 in
1177 2760 1322 2834 τοῖς
1376 2755 1660 2837 πλείοσι,
1718 2776 1871 2839 quos
1917 2757 2293 2821 Parthenius
2322 2755 2591 2821 laudat.
2680 2752 2799 2819 Sed

498 2876 738 2923 necesse
780 2860 914 2923 erat
959 2858 1206 2924 firmum
1254 2862 1318 2924 et
1361 2858 1587 2924 stabile
1639 2858 2114 2923 fundamentum
2169 2856 2387 2935 iacere,
2456 2875 2532 2921 ne
2588 2854 2800 2920 hario-

496 2959 773 3024 laremur
818 2958 882 3022 in
928 2960 1104 3025 vanis
1136 2960 1492 3026 nominibus
1539 2958 1925 3041 quaerendis.
2012 2957 2294 3036 Interim,
2342 2955 2800 3040 quodOvidius

496 3060 564 3123 in
604 3060 867 3143 singulis
908 3079 1051 3126 cum
1092 3062 1210 3126 hoc
1253 3063 1364 3126 aut
1409 3061 1520 3126 illo
1567 3061 1819 3126 auctore
1866 3059 2177 3143 congruit,
2228 3059 2293 3123 id
2336 3059 2508 3124 favet
2552 3060 2800 3124 conclu-

499 3161 672 3228 denti
725 3181 864 3227 eum
925 3182 994 3227 ex
1037 3161 1597 3228 Alexandrinorum
1658 3161 1927 3227 hortulis
1988 3161 2135 3225 hinc
2193 3160 2370 3225 illinc
2425 3160 2603 3234 flores
2663 3180 2800 3226 car-

497 3264 709 3346 psisse,
756 3282 913 3356 quae
957 3266 1092 3329 erat
1136 3264 1265 3329 eius
1311 3263 1709 3329 consuetudo.

698 3365 798 3430 Ad
845 3365 1108 3431 certiora
1151 3366 1351 3431 venio.
1427 3365 1595 3430 Nam
1640 3361 1771 3430 fore
1817 3364 2078 3447 confide,
2123 3365 2196 3428 ut
2224 3363 2570 3446 scrupulus,
2617 3362 2799 3427 sicui

499 3468 708 3532 forsan
752 3467 827 3532 de
871 3465 1188 3550 Euripidis
1229 3466 1512 3549 vestigiis
1555 3467 1623 3530 in
1668 3466 1967 3550 Byblidos
2010 3465 2223 3531 fabula
2286 3464 2599 3544 resederit,
2658 3464 2798 3529 sun-

499 3568 668 3632 ditus
722 3568 1005 3647 tollatur,
1076 3569 1184 3633 ubi
1239 3568 1397 3633 talia
1450 3567 1654 3650 magis
1712 3586 1991 3650 expressa
2039 3568 2230 3631 etiam
2280 3567 2345 3630 in
2390 3566 2583 3631 simili
2628 3566 2798 3651 Myr-

502 3670 652 3735 rhae
707 3669 920 3734 fabula
976 3670 1278 3753 detexero,
1345 3688 1534 3752 quam
1582 3668 1844 3734 Ovidius
1886 3670 2179 3751 sequente
2222 3668 2798 3751 Metamorphoseon

710 3954 727 3985 ¹
765 3954 1070 4023 Verheykii
1107 3956 1430 4011 coniectura
1468 3952 1605 4009 κατὰ
1644 3951 1881 4028 φθόνον,
1922 3958 2072 4026 quod
2096 3957 2330 4012 verbum
2354 3955 2643 4011 invenitur
2666 3958 2796 4009 Ant.

500 4044 690 4099 Liber.
717 4044 1000 4109 XXXVII,
1044 4045 1230 4100 nescio
1257 4063 1327 4099 an
1354 4044 1726 4114 improbanda
1751 4046 1840 4099 sit.
1896 4046 2039 4100 Nam
2074 4044 2394 4099 testimonia
2432 4062 2601 4114 supra
2627 4045 2797 4099 allata

500 4133 848 4188 examinanti
893 4134 952 4187 in
988 4138 1284 4201 utramque
1324 4138 1544 4203 partem
1584 4138 1919 4205 argumenta
1954 4138 2265 4189 occurrent.
2337 4134 2535 4201 Itaque
2573 4133 2798 4188 interim

499 4222 752 4277 codicum
788 4222 1125 4291 scripturam
1161 4226 1338 4277 tueor.

705 4312 728 4344 ²
763 4311 955 4365 Alium
991 4310 1170 4365 filium
1208 4328 1274 4365 ex
1311 4310 1506 4366 eadem
1543 4328 1669 4366 cum
1702 4312 1966 4381 Apolline
2003 4316 2360 4381 procreatum
2398 4313 2798 4366 commemorat

500 4399 834 4469 Apollonius
870 4398 1122 4453 Rhodius
1158 4399 1252 4462 Iv,
1297 4401 1458 4469 14943
1499 4400 1570 4454 cf.
1611 4399 1792 4455 Schol.
