3157 5028
1480 407 1550 459 33

354 579 628 662 amplius
690 578 1002 645 tumidam
1066 597 1141 645 ac
1205 578 1555 662 plumbeam
1617 576 1993 642 cantilenam
2054 576 2129 642 de
2184 577 2319 642 diro
2380 577 2669 643 muliebri

353 698 580 761 genere
625 681 1076 746 declamantem
1122 679 1277 744 facit
1298 681 1336 743 ¹.
1425 677 1545 742 Sed
1602 677 1791 742 etiam
1839 678 2104 743 certiora
2174 677 2323 742 sciri
2387 679 2665 760 possunt.

355 779 524 846 Nam
576 799 685 863 pro
729 782 896 846 certo
941 779 1256 846 affirmare
1298 777 1500 844 ausim
1547 777 2031 843 Valckenarium
2076 779 2241 844 recte
2288 779 2667 844 coniectasse

355 879 702 946 clausulam
755 881 1054 946 orationis
1097 879 1425 962 Hippolyti
1479 897 1550 943 ex
1595 878 1799 960 priore
1843 877 2113 943 editione
2155 879 2222 943 in
2268 877 2535 944 alteram
2578 879 2665 943 ir-

355 981 614 1064 repsisse
650 1001 707 1047 v.
735 983 1028 1047 664--68
1041 983 1084 1047 2.
1128 981 1294 1062 Quos
1326 999 1534 1045 versus
1568 979 1634 1043 in
1679 977 2349 1062 universum'prolatos
2381 981 2497 1044 hoc
2528 980 2663 1045 1000

355 1083 671 1167 languere,
735 1084 1066 1166 postquam
1110 1082 1488 1165 Hippolytus
1553 1099 1623 1146 ex
1685 1099 1852 1145 more
1897 1080 2229 1163 Euripideo
2288 1081 2659 1146 sententiam

356 1185 710 1268 generalem
755 1185 833 1250 ad
874 1185 1274 1268 singularem,
1340 1201 1498 1266 quae
1542 1184 1610 1246 in
1653 1182 1942 1247 manibus
1992 1184 2105 1264 est,
2174 1201 2426 1247 causam
2472 1182 2663 1264 adap-

355 1285 542 1366 tavit,
609 1286 677 1368 ii,
735 1287 958 1368 quibus
1009 1305 1114 1350 cor
1154 1286 1225 1350 ut
1267 1284 1446 1350 aiunt
1489 1283 1671 1366 sapit,
1718 1284 2112 1366 persentient.
2209 1285 2297 1350 At
2350 1285 2665 1368 quadrant

358 1385 510 1451 haec
573 1386 850 1450 convicia
910 1386 976 1449 in
1031 1387 1298 1469 priorem
1345 1384 1558 1450 Velati
1610 1403 1919 1462 scaenam,
1986 1386 2059 1450 ut
2103 1385 2369 1451 Senecae
2432 1383 2665 1451 similes

358 1505 570 1551 versus
615 1487 740 1551 566
781 1505 870 1568 sq.
916 1488 1197 1552 vincunt.

559 1586 679 1652 Sed
722 1587 849 1652 iam
894 1587 1178 1654 Phaedra
1222 1588 1358 1670 ipsa
1403 1606 1614 1652 morae
1642 1586 1975 1668 impatiens
2006 1586 2365 1669 privignum
2398 1586 2551 1662 adit,
2597 1586 2660 1650 in

358 1707 483 1770 qua
524 1707 745 1754 scaena
792 1688 1146 1754 exornanda
1195 1689 1379 1771 poeta
1418 1686 1710 1764 Graecus,
1773 1705 1848 1750 ne
1886 1688 2168 1753 Romano
2214 1687 2373 1752 hanc
2415 1686 2662 1752 laudem

358 1788 686 1868 vindicem,
736 1789 1056 1872 egregium
1097 1788 1400 1854 artificem
1446 1807 1510 1852 se
1557 1789 1893 1870 praestitit.
1953 1823 2022 1832 -—
2079 1787 2421 1853 Procedens
2465 1787 2663 1870 igitur

357 1889 473 1954 illa
541 1909 598 1954 v.
653 1891 776 1955 583
825 1910 916 1973 sq.
980 1891 1230 1972 repente
1286 1909 1349 1954 se
1412 1890 1623 1954 animo
1681 1889 1887 1972 linqui
1946 1890 2234 1969 simulat,
2309 1889 2663 1968 collabitur,

358 1989 738 2073 Hippolytus
783 1991 1123 2073 collapsam
1171 1991 1414 2072 excipit,
1461 2009 1617 2055 anus
1664 1991 2009 2073 torpentem
2054 1991 2283 2057 excitat
2332 2009 2388 2055 v.
2424 1990 2575 2055 587:

664 2091 886 2156 attolle
934 2093 1164 2170 vultus,
1211 2091 1456 2156 dimove
1502 2091 1671 2156 vocis
1714 2110 1950 2157 moras:

657 2193 803 2256 tuus
846 2211 939 2271 en,
985 2192 1260 2270 alumna,
1305 2193 1500 2256 temet
1545 2191 1927 2274 Hippolytus
1972 2191 2163 2257 tenet.

358 2292 496 2356 Iam
560 2293 674 2359 illa
737 2293 864 2356 luci
929 2292 1174 2358 reddita
1243 2291 1322 2357 ad
1387 2292 1661 2357 immane
1707 2293 2089 2375 propositum
2135 2292 2552 2376 peragendum
2598 2309 2663 2354 se

359 2393 654 2476 accingit,
702 2394 806 2459 sed
830 2392 1201 2460 verecundia
1243 2391 1576 2457 deturbata
1622 2393 1959 2476 culpaeque
2004 2395 2247 2458 conscia
2293 2395 2456 2458 inter
2485 2392 2661 2456 varia

360 2495 618 2561 consilia
651 2494 914 2561 fluctuat
953 2497 1034 2573 et,
1078 2493 1236 2559 unde
1261 2493 1654 2575 potissimum
1685 2495 1892 2577 capiat
1915 2494 2249 2572 exordium,
2296 2495 2663 2560 cunctanter

358 2594 620 2676 quaerit.
657 2632 721 2641 -
778 2596 1061 2679 Vestigia
1106 2596 1206 2659 hic
1247 2595 1450 2659 latent
1495 2593 1717 2660 Graeci
1748 2595 2129 2676 exemplaris.
2206 2595 2371 2661 Nam
2414 2596 2467 2659 si
2517 2594 2662 2661 Ovi·

357 2694 447 2759 dii
481 2695 764 2761 Phaedra
809 2696 1024 2761 scribit
1067 2716 1126 2761 v.
1171 2696 1246 2759 7:
1287 2694 1414 2760 ‘ter
1455 2697 1662 2759 tecum
1706 2698 1929 2759 conata
1970 2685 2175 2778 loqui'
2220 2715 2269 2760 e.
2301 2716 2358 2779 q.
2390 2715 2460 2776 s.‚
2512 2696 2659 2778 quid

358 2794 528 2859 aliud
575 2796 862 2877 exprimit
907 2796 1028 2860 nisi
1071 2797 1258 2861 istam
1305 2796 1766 2861 cunctationem
1815 2796 1919 2875 (cf.
1968 2795 2107 2861 Sen.
2151 2798 2275 2862 602
2332 2815 2420 2880 sq.
2465 2796 2659 2879 637)?

359 2894 625 2960 Senecae
669 2897 876 2961 autem
925 2896 1210 2961 Phaedra
1260 2914 1468 2960 secum
1523 2898 1773 2978 reputat
1833 2916 1891 2960 v.
1938 2898 2060 2961 596
2106 2917 2227 2980 sq.:
2290 2896 2661 2979 ‘si2ooepta

358 3014 670 3080 exsequor,
717 2998 950 3061 Forsan
981 2997 1180 3079 iugali
1226 2998 1458 3061 crimen
1502 2997 1878 3062 abscondam
1925 2997 2106 3063 face'.
2172 3001 2328 3064 Item
2356 3000 2662 3066 Ovidiana

358 3099 566 3180 puella
639 3118 696 3163 v.
763 3098 881 3163 137
945 3116 1038 3180 sq.
1115 3099 1368 3163 nomina
1442 3098 1781 3180 modosque
1868 3099 2141 3165 diversos
2225 3101 2337 3165 illa
2413 3100 2661 3183 quidem

359 3200 620 3282 quaerit,
669 3200 892 3281 quibus
923 3200 1156 3263 crimen
1201 3201 1476 3281 obtegat.
1555 3200 1788 3282 Neque,
1837 3220 1993 3283 quae
2036 3201 2147 3265 illa
2172 3200 2349 3265 addit
2394 3221 2449 3266 v.
2500 3202 2661 3265 598:

353 3296 647 3368 ‘honesta
692 3302 998 3383 quaedam
1044 3300 1272 3367 scelera
1300 3320 1615 3367 successus
1657 3298 1857 3377 facit',
1905 3302 2303 3383 Euripideum
2350 3303 2661 3384 sophisma

358 3421 482 3467 non
528 3402 820 3484 sapiunt;
865 3422 1011 3467 nam
1065 3402 1132 3467 in
1175 3407 1444 3467 mentem
1491 3404 1663 3468 venit
1707 3402 1917 3467 nutrix
1962 3402 2124 3486 apud
2172 3403 2529 3486 Euripidem
2568 3404 2661 3470 ita

566 3724 585 3757 ¹
622 3723 688 3776 In
726 3722 1051 3777 Coronifero
1091 3740 1181 3776 res
1218 3723 1384 3777 aliter
1422 3741 1480 3778 se
1517 3724 1717 3794 habet3
1774 3742 1898 3779 cum
1943 3723 2245 3779 concitatio
2295 3740 2359 3777 οο
2398 3723 2661 3792 leniatur,

362 3811 512 3879 quod
557 3811 752 3865 nutrix
789 3810 1102 3864 intercedit.
1153 3840 1215 3849 —-
1260 3812 1450 3866 Nihilo
1498 3814 1675 3867 secius
1712 3814 2005 3882 Hippolyti
2044 3812 2170 3866 fusa
2207 3813 2393 3883 iurgia
2430 3813 2491 3865 in
2528 3813 2661 3867 libe·

358 3916 550 3952 rorum
573 3900 1024 3967 procreationem
1049 3900 1168 3954 illic
1188 3901 1428 3954 ridicula
1450 3906 1599 3968 sunt,
1627 3903 1759 3969 quia
1785 3902 2021 3956 nutricis
2049 3903 2288 3956 incitans
2314 3902 2660 3971 provocatio,

361 4004 502 4055 quae
538 3987 598 4040 in
634 3987 850 4054 Velat0‚
891 3989 937 4042 si
975 3994 1126 4044 recte
1165 3988 1466 4058 disputavi,
1507 3990 1691 4043 locum
1721 3990 1961 4058 invenit,
2000 3991 2227 4044 omnino
2268 3990 2440 4043 deest.

561 4078 582 4108 ²
622 4076 958 4146 Euripideos
999 4078 1096 4130 hos
1134 4093 1328 4131 versus
1375 4095 1492 4138 esse
1527 4077 1688 4132 Gloel
1736 4079 1772 4132 1.
1810 4080 1845 4132 l.
1884 4096 1939 4148 p.
1980 4080 2048 4132 50
2095 4096 2175 4147 sq.
2210 4079 2414 4134 merito
2464 4082 2663 4132 contra

359 4162 752 4217 Bartholdium
791 4165 895 4218 Rh.
921 4164 1062 4217 Mus.
1104 4164 1136 4217 l.
1165 4165 1198 4217 l.
1227 4182 1280 4233 p.
1308 4168 1413 4219 337
1449 4168 1689 4234 monuit,
1728 4168 2027 4221 servandos
2058 4184 2191 4234 esse,
2231 4183 2340 4234 quo
2367 4166 2489 4219 loco
2515 4183 2665 4219 1111110

358 4252 642 4321 leguntur,
701 4253 912 4306 nemini
967 4270 1093 4307 eum
1139 4253 1479 4321 persuasisse
1529 4271 1709 4322 spem.
1781 4252 1954 4307 Recte
2010 4258 2197 4307 autem
2254 4252 2535 4306 intellexit
2590 4253 2662 4305 ad

359 4341 540 4407 λέγειν
565 4358 616 4393 v.
642 4342 743 4394 665
779 4358 849 4394 ex
875 4340 1332 4394 antecedentibus
1361 4347 1549 4409 μισεῖν
1586 4348 1845 4409 γυναῖκας
1874 4341 2123 4411 suppleri
2148 4339 2367 4394 debere.
2442 4338 2663 4392 Coniec-

361 4428 530 4482 turis:
572 4435 790 4498 στυγεῖν
811 4429 1057 4499 (Reiske)
1084 4433 1286 4499 ψέγειν
1309 4428 1685 4499 (Heimsoeth)
1712 4430 2021 4483 sententiae
2045 4444 2278 4482 acumen
2315 4425 2661 4479 debilitatur.

2224 4517 2257 4567 3
