3157 5028
1631 375 1701 426 48

518 548 629 626 est,
701 563 809 628 pro
857 543 1076 610 iudicii
1118 563 1337 610 norma
1379 545 1671 624 tenuerim
1735 545 1801 609 in
1847 545 2050 612 media
2094 545 2309 612 fabula
2352 545 2597 611 nullum
2638 542 2820 609 inve-

517 647 666 712 nies,
775 645 1113 728 Prologum
1179 646 1390 710 autem
1456 646 1758 710 Venerem
1822 646 1954 710 illic
2018 665 2263 730 quoque
2333 646 2609 712 locutam
2686 664 2819 712 esse

518 747 753 830 peritus
798 746 1057 829 quisque
1101 764 1240 810 cum
1287 745 1611 811 Welckero
1658 747 2005 812 concludet.
2094 747 2315 812 Restat
2358 747 2499 812 finis
2546 746 2814 824 fabulae,

518 848 592 914 de
637 867 758 930 quo
801 848 969 913 Jahn
1013 845 1081 924 (l.
1129 843 1198 928 1.)
1249 846 1574 930 cogitavit,
1642 866 1839 929 neque
1900 847 2033 918 illic
2102 847 2298 912 alium
2362 848 2569 912 locum
2613 846 2815 922 vide0,

517 948 636 1013 nisi
682 966 803 1031 quo
847 949 1053 1013 Diana
1103 947 1420 1012 Phaedrae
1465 947 1689 1012 falsam
1736 949 2190 1013 accusationem
2235 949 2490 1014 revelat.
2557 947 2675 1014 Sed
2712 946 2815 1012 cui

515 1050 721 1115 Diana
751 1049 1013 1114 crimina
1043 1049 1245 1131 aperit
1275 1049 1391 1113 nisi
1417 1050 1670 1128 Theseo,
1718 1050 1817 1114 cui
1849 1068 2375 1132 supervacaneum
2408 1051 2542 1116 erat
2571 1051 2815 1133 copiose

514 1151 758 1216 narrari
781 1149 1128 1214 Phaedram
1153 1149 1218 1213 in
1245 1169 1387 1215 arce
1409 1151 1631 1215 Veneri
1654 1151 1955 1236 templum
1979 1155 2409 1217 consecrasse?
2442 1153 2813 1218 Desinamus

509 1253 712 1336 igitur
755 1251 1025 1317 elumbes
1069 1251 1180 1315 hos
1222 1269 1451 1330 versus„
1496 1270 1650 1334 quos
1692 1251 2017 1334 imperitus
2047 1253 2430 1319 versificator
2457 1255 2745 1337 procudit
2770 1258 2811 1335 ¹,

513 1351 798 1434 Euripidi
837 1350 1134 1428 tribuere,
1203 1352 1569 1432 praesertim
1627 1369 1766 1416 cum
1822 1372 2032 1417 eorum
2086 1354 2485 1436 interpolatio
2541 1356 2672 1419 tam
2718 1355 2812 1421 fa·

515 1453 692 1517 cilem
741 1451 1112 1534 explicatum
1135 1453 1434 1530 inveniat,
1469 1470 1659 1535 quam
1690 1454 1909 1519 vellem
1944 1455 2154 1519 omnia
2184 1455 2538 1520 huiusmodi
2568 1457 2811 1522 menda.

513 1553 756 1619 Scimus
801 1553 964 1616 enim
1009 1553 1247 1616 cultum
1289 1555 1500 1618 nostro
1551 1553 1688 1618 loco
1734 1554 2156 1637 significatum
2203 1556 2517 1620 novicium
2562 1557 2749 1621 fuisse
2765 1559 2809 1623 ².

513 1655 676 1736 Quid
719 1655 917 1737 igitur
981 1655 1186 1737 magis
1244 1655 1580 1720 verisimile
1633 1656 1745 1729 est,
1801 1675 1989 1738 quam
2045 1656 2380 1727 histriones
2424 1657 2806 1722 occasionem

507 1758 728 1839 sponte
751 1756 1028 1827 oblatam
1051 1756 1408 1821 avidissime
1423 1757 1733 1838 amplexos
1749 1776 1895 1837 esse,
1918 1759 1990 1822 ut
2008 1759 2424 1839 spectantium
2446 1777 2623 1822 aures
2639 1759 2810 1824 tecta

509 1859 693 1923 huius
725 1858 932 1921 cultus
963 1856 1418 1939 significatione
1448 1857 1812 1938 titillarent3
1858 1878 1999 1922 nam
2032 1857 2338 1924 Graecum
2362 1859 2587 1943 vulgus
2612 1861 2808 1926 omni·

509 1960 624 2024 bus
645 1957 1043 2040 temporibus,
1071 1976 1192 2023 non
1210 1958 1769 2024 Alexandrinorum
1784 1961 2028 2026 demum
2052 1961 2279 2042 aetate,
2292 1983 2415 2046 qua
2429 1963 2808 2030 litteratores

509 2058 872 2126 umbratiles
913 2061 978 2123 in
1023 2059 1120 2124 his
1161 2061 1342 2125 rebus
1383 2062 1636 2144 ingenia
1679 2064 2097 2142 exercuerunt,
2163 2061 2391 2129 αἰτίων
2429 2052 2808 2133 ‘amantissi-

507 2181 680 2225 mum
725 2161 876 2226 erat.
949 2159 1196 2224 Etenim
1243 2161 1396 2225 satis
1439 2153 1699 2244 antiquo
1745 2166 2018 2247 tempore
2060 2167 2221 2230 hanc
2263 2167 2807 2252 interpolationem

507 2263 572 2326 in
624 2259 997 2328 editionibus
1049 2262 1353 2326 sancitam
1409 2281 1538 2327 esse
1602 2264 1897 2330 historiae
1943 2266 2244 2332 fabularis
2290 2271 2650 2352 compendia
2695 2272 2808 2336 do-

508 2364 794 2428 cumento
850 2363 1016 2441 sunt,
1074 2364 1289 2445 utpote
1345 2382 1505 2445 quae
1562 2368 1843 2430 nostrum
1898 2369 2224 2450 prologum
2270 2389 2341 2435 eo
2386 2372 2615 2447 ordine,
2681 2391 2803 2456 quo

507 2483 672 2529 nunc
714 2464 967 2547 legitur,
1013 2483 1136 2529 non
1181 2465 1452 2548 quinque
1497 2466 1747 2532 tantum
1791 2487 2003 2533 versus
2034 2471 2451 2553 compilarint.
2477 2508 2551 2519 —
2578 2472 2803 2538 Nescio

506 2567 736 2644 autem,
806 2586 884 2630 an
945 2566 1024 2631 ad
1071 2566 1264 2631 alium
1330 2569 1648 2649 praeterea
1711 2570 1953 2653 prologi
2018 2571 2224 2636 locum
2278 2573 2675 2693 Asclepiades
2739 2594 2805 2639 se

506 2668 744 2749 pararit
787 2686 1081 2732 narrans·
1128 2663 1164 2730 ὁ
1193 2668 1265 2731 δὲ
1293 2668 1402 2748 (sc.
1441 2666 1717 2755 Θησεὺς)
1771 2674 1970 2752 τριῶν
2016 2666 2107 2749 ω’ς
2156 2696 2357 2759 φασιν
2400 2674 2582 2760 αὐτῷ
2628 2670 2805 2758 παρὰ

504 2767 622 2830 τοῦ
676 2768 1098 2843 Ποσειδῶνος
1141 2759 1356 2849 ευχῶν
1404 2762 1619 2835 οὗσιῦν
1666 2766 2233 2856 ὃμολογήσαντοςθ
2279 2768 2449 2840 ὅτι3
2424 2769 2502 2839 οἷν
2546 2777 2803 2863 εὔξηται

505 2866 924 2946 συντελέσειν,
986 2864 1346 2949 πιστεύσας
1387 2894 1466 2959 τῃ
1519 2871 1775 2960 Φαίδρα
1822 2873 1977 2957 μίαν
2019 2870 2273 2939 τούτων
2314 2872 2597 2966 ᾐτήσατο
2642 2880 2797 2963 παρ’

505 2965 705 3031 αὐτοῦ
747 2965 862 3033 τὸν
904 2970 1028 3033 τοῦ
1074 2966 1355 3049 παιδός4
1401 2962 1707 3057 ὀλεθρον.
1795 2976 2006 3042 Venus
2058 2978 2151 3043 ita
2207 2978 2272 3041 in
2315 2980 2572 3063 prologo
2616 2982 2803 3048 Euri-

505 3069 683 3151 pideo
731 3090 786 3135 v.
834 3072 916 3135 43
960 3090 1082 3155 sq.:

900 3170 1008 3235 καὶ
1049 3166 1165 3235 τὸν
1205 3170 1324 3253 μὲν
1368 3166 1527 3256 ἡμῖν
1571 3173 1891 3256 πολέμιον
1935 3176 2187 3241 νεανίαν

897 3277 1113 3337 κτενεῖ
1156 3268 1370 3361 πατὴρ
1420 3266 1707 3355 ἀραῖσιν,
1752 3268 1829 3353 ἃς
1868 3272 1905 3342 ὁ
1952 3272 2225 3356 πόντιος

903 3362 1068 3453 ἅναξ
1101 3374 1450 3439 Ποσειδῶν
1491 3365 1751 3441 ὤπασεν
1797 3380 2001 3462 Θησεῖ
2046 3378 2252 3463 γέρας,

897 3471 1100 3559 μηδὲν
1137 3467 1417 3556 μάταιον
1466 3471 1561 3553 εἰς
1602 3478 1743 3564 τρὶς
1783 3468 2105 3560 εἴξασθαι
2142 3482 2290 3566 θεῷ
2315 3483 2358 3546 ⁵.

705 3693 723 3723 ¹
760 3692 982 3747 Nemini
1021 3694 1367 3750 sanationem
1405 3696 1548 3751 bene
1586 3699 1809 3753 cessisse
1848 3717 1961 3755 non
1996 3701 2159 3769 parvi
2195 3702 2396 3771 pendo,

702 3782 723 3814 ²
762 3781 842 3836 cf.
880 3782 1255 3837 Wilamowitz
1304 3784 1583 3855 Philolog.
1624 3787 1956 3845 Untersuch.
1994 3789 2021 3842 Ι
2058 3807 2112 3858 p.
2154 3794 2273 3852 170,
2332 3791 2431 3859 qui
2469 3791 2797 3858 ceteroquin

499 3869 694 3922 eodem
740 3887 929 3924 errore
976 3888 1087 3939 quo
1123 3872 1273 3925 Jahn
1315 3877 1374 3927 et
1413 3873 1676 3929 Wheeler
1712 3877 1967 3947 illigatus
2016 3882 2100 3931 est
2153 3878 2214 3932 in
2256 3879 2445 3948 priore
2484 3878 2795 3947 Hippolyto

495 3956 710 4011 fontem
747 3958 1204 4027 interpolationis
1243 3977 1531 4028 quaerens.

701 4046 723 4078 ⁸
764 4041 960 4100 Οὗσῶν
993 4042 1440 4118 ὁμολογήσαντος
1481 4050 1787 4104 Buttmann
1825 4069 1927 4121 pro
1965 4053 2103 4107 εἶναι
2142 4050 2515 4126 ὡμολόγησεν.

698 4135 720 4166 ⁴
756 4135 902 4203 Παρ’
940 4131 1103 4187 αὐτοῦ
1144 4134 1240 4191 τὸν
1275 4138 1370 4189 τοῦ
1407 4136 1610 4197 παιδὸς
1651 4140 1955 4193 Buttmann
1996 4160 2101 4209 pro
2139 4140 2289 4211 παρὰ
2326 4146 2422 4196 τοῦ
2456 4138 2673 4203 παιδός.

698 4224 720 4253 ⁶
758 4221 1021 4277 Wheeler
1056 4223 1283 4291 quidem
1322 4224 1380 4291 (1.
1408 4226 1445 4278 l.
1471 4244 1525 4294 p.
1553 4228 1647 4295 48)
1686 4228 1859 4281 etiam
1893 4228 1993 4281 hos
2022 4247 2208 4284 versus
2234 4232 2499 4301 Euripidi
2525 4234 2791 4303 abrogat3

497 4310 594 4377 qui
631 4311 678 4364 si
717 4316 869 4365 recte
907 4311 1221 4379 iudicasset,
1269 4314 1504 4367 alteram
1543 4314 1679 4368 satis
1718 4316 2010 4384 antiquam
2048 4318 2540 4388 interpolationem
2574 4326 2789 4375 tenere-

493 4416 632 4451 mus.
707 4397 814 4453 Sed
851 4404 1184 4469 argumenta
1219 4402 1494 4456 validiora
1528 4402 1804 4459 desidem.
