3157 5028
1612 284 1681 334 22

696 458 932 540 Quibus
1005 457 1292 522 omnibus
1360 455 1689 539 pensitatis
1760 474 1971 521 versus
2036 455 2325 520 513-15
2387 453 2797 542 interpolatos

493 581 621 626 esse
664 560 816 626 viris
859 558 1101 624 doctis¹
1159 559 1292 624 sine
1342 577 1517 622 mora
1569 557 1877 622 concedes.
1964 556 2235 621 Tollitur
2288 557 2451 620 enim
2512 555 2797 622 funditus

489 663 609 728 hoc
652 660 1079 726 additamento
1148 658 1410 724 nutricis
1472 675 1723 740 prorsus
1788 656 2133 722 necessaria
2180 656 2568 740 ambiguitas
2630 658 2799 721 hunc

491 765 557 829 in
603 763 854 828 modum
892 797 966 806 —
993 762 1182 844 atque
1224 758 1288 824 id
1335 759 1592 824 maximi
1637 758 1936 823 momenti
1960 759 2053 822 est
2076 795 2177 837 —‚
2204 759 2275 821 ut
2317 757 2447 824 iam
2476 757 2799 822 Phaedrae

493 862 749 944 simplex
779 861 1190 944 interrogatio
1219 880 1278 925 v.
1309 862 1431 924 516
1462 859 1712 925 omnino
1746 859 1952 923 locum
1985 858 2209 923 habere
2237 877 2359 922 non
2391 857 2606 940 possit,
2643 874 2801 940 quo-

493 963 664 1028 niam
709 963 916 1044 palam
962 961 1398 1044 significantur
1443 979 1532 1038 ea,
1588 979 1749 1042 quae
1791 958 1871 1024 ad
1915 959 2239 1041 potulenta
2283 958 2600 1022 miscenda
2646 977 2799 1040 opus

494 1063 641 1140 sint,
689 1064 760 1126 ut
790 1062 1100 1128 Lucianus
1143 1062 1336 1138 (Dial.
1381 1081 1528 1126 mer.
1554 1059 1623 1143 4)
1666 1061 1861 1124 docet.
1906 1060 2125 1142 Neque
2166 1060 2232 1124 id
2278 1059 2608 1124 contendes
2653 1059 2800 1124 boni

496 1165 712 1247 poetae
741 1181 871 1228 esse
901 1163 1203 1227 nutricem
1245 1162 1476 1245 fingere
1503 1164 1639 1226 tam
1668 1162 1853 1242 longe
1895 1161 2331 1226 immorantem
2376 1162 2442 1226 in
2472 1161 2801 1226 illustran-

495 1264 590 1328 dis
635 1263 815 1328 rebus
858 1263 936 1328 ad
981 1263 1436 1342 devinctionem
1489 1262 1867 1340 necessariis„
1928 1261 2159 1326 nemini
2206 1280 2329 1326 non
2379 1262 2563 1345 notis„
2608 1279 2797 1344 quam

498 1383 574 1429 ne
617 1364 970 1428 adductura
1013 1362 1265 1446 quidem
1309 1366 1403 1428 est
1447 1363 1526 1428 ad
1571 1363 1824 1453 exitum.
1871 1363 2320 1445 Suppeditabat
2351 1364 2560 1429 autem
2588 1363 2797 1445 legen-

495 1465 662 1530 tibus
707 1465 786 1530 ad
840 1465 1281 1530 illustrandum
1342 1465 1966 1547 interpolandumque
2030 1464 2165 1529 fons
2212 1464 2579 1548 Euripideus
2638 1463 2800 1530 alter

497 1566 894 1649 Hippolytus
925 1585 1116 1649 quam
1143 1567 1460 1647 praeterea
1492 1567 1737 1648 poetam
1768 1565 1962 1630 simili
1992 1584 2213 1631 scaena
2244 1584 2565 1630 exornasse
2595 1564 2797 1631 docui.

497 1667 616 1732 Sed
669 1661 854 1732 ‘unus
915 1667 976 1730 et
1043 1668 1201 1732 alter
1267 1667 1554 1731 adsuitur
1618 1657 1897 1749 pannus'.
2013 1666 2329 1731 Nimirum
2390 1667 2801 1750 interpolator

497 1768 688 1832 etiam
719 1768 916 1832 altero
945 1769 1082 1834 l'oco
1111 1769 1434 1850 grassatus
1480 1787 1549 1832 ex
1596 1768 1722 1833 alia
1764 1767 2022 1832 alterius
2052 1767 2302 1833 fabulae
2338 1786 2560 1833 scaena
2588 1785 2797 1832 versus

495 1868 786 1933 477—81
843 1868 1198 1934 Coronifero
1257 1869 1542 1934 intexuit.
1632 1869 1797 1950 Quos
1843 1889 1880 1934 a
1920 1870 2130 1934 nostro
2188 1871 2325 1934 loco
2380 1869 2616 1934 alienos
2674 1887 2799 1934 oese

497 1969 770 2050 locuples
836 1971 1054 2034 auctor
1103 1970 1523 2036 Wilamowitz
1582 1971 1650 2050 (l.
1696 1971 1737 2034 1.
1800 1989 1858 2052 p.
1905 1972 2027 2035 212
2072 1971 2194 2053 sq.)
2244 1971 2359 2046 est,
2425 1970 2601 2034 cuius
2658 1987 2797 2052 gra-

500 2069 756 2134 vissima
799 2072 1169 2153 argumenta
1211 2072 1353 2136 nolo
1397 2072 1795 2136 retractare2.
1884 2071 2139 2136 Erravit
2174 2070 2423 2153 quidem
2455 2070 2552 2135 vir
2580 2069 2799 2134 doctus

498 2170 760 2236 mirifice
804 2171 1244 2237 fascinationes
1287 2170 1366 2236 ad
1411 2171 1885 2238 devinciendum
1926 2172 2339 2256 Hippolytum
2386 2173 2481 2237 his
2526 2173 2799 2237 versibus

500 2466 890 2537 Real-Encycl.
943 2485 985 2521 s.
1032 2485 1084 2522 v.
1137 2465 1340 2537 Magia.
1401 2497 1467 2505 —
1528 2467 1793 2521 Mulieres
1843 2468 2037 2523 lunam
2095 2467 2455 2523 detrahentes
2512 2467 2688 2523 oculis
2737 2467 2800 2521 li-

497 2556 761 2625 berisque
797 2556 1122 2625 privabant3
1181 2556 1250 2609 cf.
1298 2555 1476 2611 Plato.
1532 2556 1701 2627 Gorg.
1750 2558 1852 2609 513
1903 2558 1970 2611 A.
2019 2556 2224 2611 Zenob.
2273 2557 2435 2611 prov·
2485 2557 2580 2625 IV,
2629 2559 2675 2611 1.
2732 2587 2797 2597 -—

501 2644 761 2699 Ceterum
801 2646 918 2699 noli
957 2645 1027 2699 ad
1073 2646 1284 2699 seriora
1321 2650 1577 2715 tempora
1618 2650 1675 2699 et
1717 2646 2118 2716 pervulgatum
2168 2646 2599 2701 fascinationum
2639 2663 2799 2699 usum

499 2734 649 2803 apud
685 2738 877 2803 poetas
916 2733 1195 2788 Romanos
1244 2752 1566 2803 provocare.
1643 2733 1975 2803 Quanquam
2031 2736 2201 2790 etiam
2258 2736 2361 2789 illa
2418 2739 2603 2790 aetate
2658 2734 2800 2803 phil-

500 2827 718 2877 trorum
754 2840 883 2876 usus
920 2822 1326 2892 vituperationi
1363 2824 1637 2877 obnoxius
1688 2823 1859 2877 fuisse
1902 2824 2147 2892 videtur,
2208 2828 2273 2878 ut
2324 2822 2553 2877 Ovidius
2592 2823 2801 2892 planis-

501 2912 639 2965 sime
675 2912 890 2967 indicat
923 2914 1048 2967 Art.
1086 2915 1210 2968 Am.
1246 2914 1316 2977 11,
1360 2917 1460 2967 105
1499 2929 1606 2982 sq.:
2297 2949 2301 2953 ·

801 3000 916 3055 Nec
957 3001 1093 3055 data
1127 3001 1448 3071 profuerint
1484 3002 1762 3071 pallentia
1798 3002 2013 3072 philtra
2050 3002 2286 3071 puellis;

899 3088 1112 3158 philtra
1149 3095 1353 3144 nocent
1389 3090 1611 3154 animiS,
1648 3091 1875 3159 vimque
1913 3089 2122 3145 furoris
2158 3090 2383 3145 habent.

801 3176 888 3231 Sit
926 3178 1171 3247 procul
1209 3195 1400 3233 omne
1435 3179 1649 3233 nefas.

505 3265 587 3320 Cf.
638 3263 802 3320 Pauli
839 3271 978 3321 sent.
1018 3266 1085 3334 V,
1126 3270 1213 3321 23.
1271 3270 1364 3322 14:
1431 3266 1560 3335 ‘Qui
1622 3268 1932 3323 abortionis
1984 3273 2083 3323 aut
2146 3268 2481 3323 amatorium
2543 3267 2805 3337 poculum

502 3354 665 3422 dant,
733 3354 837 3409 etsi
896 3355 956 3409 id
1018 3355 1148 3409 dolo
1203 3374 1318 3410 non
1373 3356 1615 3421 faciant,
1678 3361 1866 3411 tamen
1924 3358 2055 3426 quia
2115 3357 2251 3411 mali
2288 3356 2528 3426 exempli
2577 3374 2665 3410 res
2705 3359 2804 3423 est,

502 3442 828 3496 humiliores
866 3443 926 3497 in
963 3443 1253 3499 metallum
1291 3445 1639 3500 honestiores
1686 3445 1747 3499 in
1784 3445 2023 3501 insulam
2074 3446 2275 3500 amissa
2322 3449 2485 3515 parte
2529 3444 2804 3498 honorum

503 3532 852 3601 relegantur:
911 3532 1062 3599 quod
1111 3533 1159 3585 si
1208 3550 1277 3588 ex
1325 3533 1433 3588 hoc
1468 3534 1675 3587 mulier
1726 3538 1825 3588 aut
1868 3533 2038 3589 homo
2093 3534 2353 3604 perierit,
2409 3550 2621 3587 summo
2681 3550 2803 3601 sup·

500 3620 671 3689 plicio
730 3615 1090 3675 afficiuntur'.

707 3710 724 3740 ¹
762 3708 960 3763 Nauck
995 3708 1132 3763 Eur.
1171 3708 1329 3764 Stud.
1356 3710 1430 3778 ΙΙ,
1468 3712 1538 3763 20
1575 3728 1655 3780 sq.
1677 3710 1987 3765 Kirchhoff.
2015 3712 2100 3765 ed.
2128 3710 2195 3763 ΙΙ.
2216 3710 2478 3765 Wheeler
2504 3710 2539 3763 l.
2568 3710 2603 3763 l.
2635 3726 2689 3779 p.
2719 3710 2803 3762 57.

503 3796 800 3866 Barthoffl,
851 3797 1016 3851 Weil.
1057 3798 1285 3853 edition.
1340 3798 1495 3854 Unus
1541 3798 1700 3853 Gloel
1751 3800 1787 3853 l.
1826 3799 1862 3854 1.
1899 3817 1953 3869 p.
1992 3800 2061 3853 30
2109 3817 2190 3868 sq.
2241 3799 2341 3853 hos
2391 3815 2583 3853 versus
2627 3797 2805 3851 tuitus

505 3890 620 3953 est3
660 3886 815 3941 cuius
853 3886 1120 3941 refutatio
1156 3916 1221 3927 -
1251 3905 1382 3941 nam
1417 3887 1687 3941 nonnulla
1724 3893 1877 3942 recte
1913 3888 2317 3956 interpretatus
2356 3892 2457 3956 est,
2494 3888 2553 3941 in
2590 3904 2803 3941 summo

505 3974 719 4029 erravit
753 4004 818 4014 -
859 3975 1174 4045 legentibus
1211 3993 1394 4031 meam
1438 3974 1878 4045 disputationem
1915 3980 2137 4045 praesto
2176 3977 2301 4031 erit.

714 4060 736 4092 ²
775 4062 982 4118 Infelix
1037 4064 1241 4119 horum
1291 4082 1552 4119 versuum
1607 4068 1879 4133 patronus
1928 4082 2122 4118 rursus
2168 4063 2328 4119 Gloel
2366 4064 2401 4117 1.
2442 4064 2480 4117 l.
2521 4080 2576 4132 p.
2617 4063 2686 4115 53
2725 4079 2804 4132 sq.

511 4150 734 4205 exstitit
781 4168 844 4206 eo
899 4151 1104 4223 effugio
1157 4170 1304 4220 usus,
1362 4158 1427 4207 ut
1473 4158 1718 4208 sumeret
1764 4154 2041 4208 nutricem
2086 4154 2333 4208 remedia
2379 4153 2452 4206 ad
2496 4152 2805 4221 corporis

513 4238 774 4293 morbum
813 4242 1185 4295 amovendum
1220 4259 1553 4311 proponere.
1628 4242 1753 4297 Non
1802 4242 2083 4297 intellexit
2132 4242 2306 4313 igitur
2346 4242 2514 4297 istam
2562 4240 2805 4313 aegritu-

506 4326 697 4382 dinem
735 4328 881 4384 nihil
921 4330 1076 4386 aliud
1117 4347 1235 4387 esse
1273 4348 1442 4402 quam
1478 4331 1665 4402 ipsum
1702 4348 1965 4387 amorem.
