3157 5028
1624 377 1694 431 56

507 553 586 618 ab
617 551 986 633 Aesculapio
1025 551 1091 614 in
1129 548 1324 616 vitam
1366 550 1727 616 revocatum
1772 549 1840 613 in
1886 549 2050 614 valle
2073 547 2332 613 Aricina
2380 546 2701 612 collocarit
2746 545 2807 610 et

507 652 682 718 cultu
729 651 988 716 ornarit.
1046 649 1269 716 Cuius
1314 650 1520 716 cultus
1556 649 1905 733 singularia
1934 649 2511 731 Metamorphoseon
2546 646 2805 712 carmini

504 771 726 836 parum
754 751 1180 818 convenientia
1205 753 1386 834 poeta
1410 751 1591 835 quasi
1612 749 1857 832 supplet
1886 750 2051 814 Fast.
2076 749 2189 833 111,
2213 751 2336 814 259
2360 767 2472 830 sq.,
2518 748 2626 813 ubi
2650 748 2805 830 Ege-

504 854 662 918 riam
708 853 1046 936 nympham
1094 852 1420 918 adlocutus
1465 851 1541 916 de
1589 851 1749 916 valle
1797 851 2049 916 Aricina
2088 851 2241 916 haec
2285 849 2520 933 profert
2549 869 2605 915 V.
2652 851 2805 912 265:

803 971 907 1036 hic
949 970 1106 1035 latet
1147 969 1528 1055 Hippolytus
1571 969 1755 1034 furiis
1803 969 2081 1051 direptus
2132 987 2451 1051 equorum,

929 1073 1092 1136 unde
1136 1090 1352 1135 nemus
1395 1071 1586 1135 nullis
1630 1069 1788 1135 illud
1837 1068 2050 1136 aditur
2094 1069 2285 1152 equiS.

503 1174 680 1238 Idem
725 1173 1004 1255 perhibet
1049 1171 1365 1254 Vergilius
1411 1172 1592 1252 (Aen.
1643 1171 1782 1255 VII,
1829 1172 1950 1236 778
1995 1172 2140 1254 sq.),
2203 1190 2385 1254 quem
2428 1169 2679 1236 Servius
2721 1171 2809 1235 sic

511 1274 999 1340 commentatur:
1069 1270 1352 1355 ‘exponit
1409 1266 1486 1336 τὸ
1557 1265 1813 1353 αἶ’τιον;
1879 1292 2025 1337 nam
2072 1272 2500 1338 Callimachus
2562 1273 2809 1355 scripsit

513 1368 708 1454 αἴτια,
755 1373 822 1438 111
870 1375 1094 1456 quibus
1149 1373 1341 1439 etiam
1393 1374 1512 1439 hoc
1565 1374 2031 1438 commemorat'
2069 1376 2106 1437 ¹.
2194 1373 2553 1438 Memineris
2598 1375 2808 1438 autem

505 1475 893 1541 reconditum
961 1475 1189 1556 aetion,
1263 1493 1375 1538 cur
1439 1475 1651 1539 nullus
1716 1475 1885 1539 canis
1942 1475 2165 1539 Delum
2227 1474 2499 1550 accedat,
2568 1474 2810 1556 praeter

510 1577 966 1642 Callimachum
991 1575 1136 1658 (frg.
1164 1577 1202 1640 9
1223 1575 1440 1660 Schn.)
1470 1565 1765 1642 Ovidium
1802 1594 2045 1658 quoque
2082 1576 2371 1659 attigisse
2401 1575 2520 1652 (Ib.
2546 1575 2669 1640 475
2694 1576 2809 1657 sq.)

509 1679 571 1743 et
610 1695 852 1742 mecum
897 1677 1198 1759 exquiras,
1244 1696 1395 1741 num
1441 1677 1538 1741 illi
1586 1676 2163 1758 Metamorphoseon
2208 1677 2344 1741 1060
2390 1677 2607 1758 insint,
2654 1694 2810 1758 quae

509 1777 847 1843 Battiadae
891 1778 1110 1856 artem,
1158 1797 1344 1861 quam
1377 1779 1693 1843 Nasonem
1740 1779 1983 1857 saepius
2028 1777 2337 1842 sectatum
2381 1796 2512 1842 esse
2542 1779 2807 1852 constat,

508 1878 760 1961 spirent.
849 1878 1167 1943 Nimirum
1211 1878 1375 1961 quod
1416 1878 1678 1945 Ovidius
1735 1878 1811 1942 de
1870 1876 2139 1942 nominis
2196 1877 2547 1943 mutatione
2612 1878 2809 1942 tradit

507 1999 565 2046 v.
611 1980 736 2044 542
782 1998 915 2062 sq.:
2280 2040 2286 2044 .

679 2089 684 2092 ’
1008 2076 1356 2165 nomenque
1400 2081 1610 2160 simul,
1658 2080 1823 2163 quod
1868 2081 2063 2164 possit
2099 2099 2399 2162 equorum

808 2181 1218 2260 admonuisse,
1281 2181 1454 2246 iubet
1507 2182 1825 2264 deponere,
1888 2171 2059 2264 ‘qui'
2118 2201 2237 2264 que
2295 2175 2509 2246 ‘fuisti

805 2273 1238 2368 Hippolytus³,
1283 2281 1442 2347 dixit
1481 2281 1676 2348 ‘nunc
1718 2283 1885 2348 idem
1929 2283 2184 2348 Virbius
2231 2281 2409 2362 esto',

509 2385 931 2452 admonefacit
994 2403 1106 2464 nos
1157 2382 1487 2466 Hippolyti
1543 2384 1724 2448 furiis
1790 2403 2089 2466 equorum
2145 2383 2393 2466 direpti,
2460 2402 2582 2466 quo
2647 2383 2806 2448 illud

506 2489 715 2553 aetion
756 2486 1113 2569 explicatur.
1198 2484 1557 2551 Artificiosa
1612 2486 1824 2551 autem
1870 2485 2200 2551 antithesis
2245 2484 2588 2569 nominum,
2650 2503 2807 2568 quae

508 2591 718 2671 aperte
771 2587 1184 2671 veriloquium
1237 2586 1572 2670 significat,
1638 2587 2003 2669 interpretes
2046 2586 2232 2669 fugit.
2322 2586 2487 2651 Nam
2552 2586 2807 2670 syllabis

503 2679 738 2773 ‘lytus'
783 2691 846 2754 et
887 2684 1082 2753 ‘bius’
1128 2707 1294 2754 mors
1335 2690 1396 2753 et
1440 2689 1573 2754 vita
1618 2686 1815 2770 (βίος)
1866 2688 2030 2754 111161·
2084 2707 2149 2753 66
2192 2689 2619 2771 opponuntur3
2685 2707 2804 2771 quo

504 2776 1070 2856 tendit'Laotantii
1114 2790 1271 2856 illud
1319 2790 1460 2873 (ov.
1491 2790 1641 2855 Met.
1682 2790 1803 2855 XV
1846 2790 1891 2855 f.
1940 2790 2083 2871 45):
2144 2783 2221 2854 ‘a
2258 2808 2549 2855 converso
2594 2790 2808 2873 itaque

508 2891 757 2955 nomine
812 2892 958 2956 deus
1005 2891 1258 2957 Virbius
1314 2894 1408 2957 est
1462 2882 1843 2974 appellatus'
1896 2893 1958 2956 et
2003 2890 2322 2975 Vergilius
2367 2890 2407 2955 1.
2450 2892 2493 2956 1.
2540 2912 2597 2956 v.
2646 2892 2807 2956 777:

503 2985 835 3073 ‘versoque
865 2992 971 3056 ubi
1015 2992 1265 3057 nomine
1296 2992 1549 3057 Virbius
1594 2993 1797 3057 esset'.
1883 2993 2190 3058 Debemus
2232 2992 2450 3075 igitur,
2494 2991 2576 3056 ni·
2601 2992 2805 3070 fallor,

444 3166 451 3171 ,
507 3092 978 3157 subauscultare
1030 3086 1330 3179 ἡρώβιον,
1406 3092 1582 3157 6111116
1649 3093 1976 3175 veriloquii
2041 3093 2467 3159 testimonium
2537 3094 2739 3157 exstat
2762 3095 2806 3157 ².

713 3245 730 3275 ¹
768 3235 902 3313 Frg.
941 3246 973 3318 ’ς’
1013 3241 1176 3296 Schn.
1217 3242 1284 3295 In
1319 3242 1640 3313 indagando
1682 3243 1821 3307 1060,
1863 3260 2028 3311 quem
2069 3244 2177 3298 hoc
2213 3244 2593 3314 fragmentum
2614 3248 2809 3299 tenere

507 3331 775 3399 potuerit,
829 3332 1070 3384 multum
1125 3330 1334 3385 laboris
1382 3332 1493 3385 viri
1538 3332 1695 3386 docti
1732 3336 2213 3401 consumpserunt.
2291 3330 2594 3387 Schneider
2644 3332 2807 3401 (Call.

507 3419 561 3472 II
598 3437 650 3489 p.
688 3421 758 3472 72
795 3420 901 3489 sq.)
939 3424 997 3473 et
1030 3419 1319 3490 Herzberg
1366 3420 1718 3489 (Zeitschrift
1761 3421 1855 3473 fiir
1886 3421 2261 3475 Alterthwiss.
2309 3422 2441 3473 1847
2490 3438 2543 3490 p.
2573 3422 2695 3489 133)
2750 3420 2808 3473 in

507 3508 690 3577 primo
717 3509 996 3563 aetiorum
1020 3509 1166 3563 libro
1193 3512 1388 3577 aptum
1412 3510 1598 3563 locum
1623 3510 1900 3564 invenisse
1930 3510 2039 3563 sibi
2063 3510 2171 3564 visi
2199 3512 2351 3576 sunt3
2393 3512 2589 3563 contra
2612 3508 2808 3563 Rauch

508 3596 665 3667 (Frg.
703 3598 757 3651 d.
798 3595 936 3651 Call.
976 3615 1030 3666 p.
1070 3598 1160 3664 28)
1200 3598 1260 3650 111
1298 3600 1494 3653 altero.
1569 3598 1740 3667 Apud
1776 3602 2049 3667 utrosque
2086 3597 2253 3653 firma
2288 3601 2622 3668 argumenta
2664 3598 2808 3651 desi-

508 3686 746 3763 derabis,
787 3706 919 3742 nam
950 3689 1165 3743 incerta
1198 3689 1427 3743 incertis
1453 3689 1731 3743 nituntur.
1789 3689 1980 3744 Donec
2004 3688 2241 3752 felicius,
2269 3705 2438 3757 quam
2465 3686 2807 3741 Schneidero

506 3776 763 3847 contigit,
803 3782 858 3831 et
893 3776 1139 3845 uber-ine,
1179 3793 1349 3844 quam
1367 3776 1619 3831 Rauehio
1642 3777 1820 3844 licuit,
1858 3777 2224 3832 constitutum
2261 3776 2387 3845 erit,
2426 3776 2561 3844 quid
2588 3790 2809 3846 quoque

507 3862 652 3917 libro
694 3868 1000 3919 tractatum
1037 3864 1126 3933 sit,
1167 3865 1366 3920 melius
1403 3866 1547 3921 duco
1588 3865 1939 3920 coniectandi
1976 3864 2347 3934 cupiditatem
2382 3864 2703 3934 reprimere.

709 3953 731 3985 ²
767 3953 966 4007 Altera
1001 3952 1188 4008 Virbii
1225 3954 1578 4009 derivatione
1618 3972 1651 4009 a
1686 3952 1700 3971 ‘
1719 3954 1803 4009 bis
1839 3950 1977 4023 vir'‚
2034 3972 2204 4023 quam
2242 3954 2339 4008 vix
2376 3952 2589 4008 Graeco
2626 3968 2808 4007 exem-

505 4040 656 4109 plari
694 4041 944 4115 adapte8‚
987 4042 1286 4097 subaudita
1325 4044 1554 4097 nomina
1590 4061 1703 4098 non
1739 4048 1856 4097 tam
1894 4042 2194 4097 artificiose
2233 4044 2385 4097 inter
2424 4058 2484 4095 se
2520 4058 2808 4111 opponun-

511 4134 622 4183 tur.
662 4160 728 4168 —
769 4129 1050 4197 Quattuor
1091 4136 1279 4185 autem
1313 4131 1613 4201 proferunt
1651 4132 1893 4186 nominis
1931 4149 2149 4187 causas:
2188 4148 2304 4186 esse
2340 4130 2526 4185 virum
2571 4129 2657 4183 bis
2694 4128 2809 4184 fac·

507 4222 630 4271 tum
667 4220 768 4273 aut
802 4218 987 4272 virum
1023 4218 1234 4273 bonum
1272 4224 1369 4274 aut
1405 4219 1701 4275 herebium
1738 4224 2009 4289 tanquam
2058 4214 2212 4290 ἥρωα
2256 4211 2665 4286 ἀναβεβιωκότα
2710 4221 2809 4273 aut
2864 4224 2867 4229 '

507 4305 690 4375 deum,
728 4306 826 4375 qui
862 4306 1092 4361 Viribus
1127 4308 1368 4378 praesit3
1411 4307 1481 4364 cf.
1523 4308 1768 4363 Cassiod.
1808 4308 1878 4363 de
1913 4307 2167 4380 orthogr.
2206 4326 2261 4378 p.
2300 4309 2367 4362 81
2406 4308 2475 4362 K.
2498 4305 2806 4363 Buecheler

505 4392 612 4449 Rh.
651 4394 793 4449 Mus.
833 4394 1043 4449 XXXV
1078 4413 1134 4464 p.
1178 4396 1265 4453 69.
