3157 5028
1466 369 1566 424 105

360 544 562 627 πατρὶ
606 538 720 622 τὰς
762 535 1049 629 ἀδελφοῖς
1089 548 1234 621 τοῖς
1276 542 1591 628 ἀδελφοῖς
1634 545 1997 610 συνοικίσαι
2035 545 2171 612 κτλ.
2254 548 2331 612 In
2372 567 2495 630 qua
2527 568 2661 614 ma-

357 646 517 711 teria
582 646 933 711 exornanda
992 648 1183 728 poeta
1248 666 1394 712 sane
1459 647 1781 712 libidinem
1853 648 2211 731 perniciosis
2269 649 2661 730 captionibus

357 748 689 830 sophistice
733 747 1018 812 indutam
1065 747 1387 812 ostendere
1428 749 1652 829 potuit.
1708 783 1789 794 -——
1857 748 1975 814 Sed
2018 749 2209 814 etiam
2255 750 2457 832 magis
2509 749 2661 815 Ovi-

357 849 610 913 dianam
659 847 930 914 Canaces
974 848 1306 930 epistulam
1354 849 1528 928 (Her.
1573 849 1695 922 XI)
1740 850 1959 931 respici
2004 851 2267 932 oportet,
2332 851 2551 933 utpote
2591 851 2658 915 in

357 968 481 1032 qua
509 947 824 1030 Euripidis
859 949 1125 1013 Aeolum
1171 969 1514 1032 expressam
1557 969 1687 1014 esse
1730 951 2097 1016 contendere
2139 952 2435 1017 soleantl.
2478 951 2657 1032 Quod

354 1049 656 1113 iudicium
702 1049 986 1132 equidem
1031 1050 1125 1115 ita
1169 1051 1799 1116 circumscribendum
1855 1051 2158 1130 existimo,
2212 1053 2285 1118 ut
2338 1071 2659 1117 sumamus

355 1150 746 1233 tragoediam
792 1153 1042 1236 quidem
1089 1153 1269 1235 quasi
1314 1153 1704 1217 fundamenti
1753 1153 1915 1218 vices
1968 1153 2259 1236 primitus
2302 1153 2657 1235 explevisse,

355 1271 574 1318 verum
617 1253 1072 1321 Alexandrinos
1115 1255 1443 1320 materiam
1487 1256 1651 1320 hanc
1718 1255 1799 1320 ad
1852 1255 2220 1320 intestinum
2279 1273 2430 1336 opus
2488 1255 2659 1319 trac-

354 1354 614 1418 tabilem
678 1375 789 1420 suo
834 1356 1039 1421 Marte
1098 1357 1396 1439 polientes
1453 1357 1852 1439 aliquatenus
1906 1357 2072 1421 certe
2113 1357 2332 1437 poetae
2376 1355 2657 1421 Romano

356 1473 770 1536 praepa-rasse,
839 1457 1000 1540 unde
1063 1457 1490 1523 additamenta
1558 1459 1622 1523 et
1687 1457 1855 1522 haud
1901 1457 2054 1522 levis
2099 1457 2409 1522 dissensus
2452 1476 2490 1521 a
2532 1457 2660 1521 tra-

355 1556 495 1639 gico
540 1558 890 1639 exemplari,
961 1578 1142 1642 quem
1187 1558 1402 1623 Rohde
1454 1559 1671 1643 tetigit
1687 1560 1729 1638 ²,
1781 1558 2001 1640 sponte
2046 1558 2454 1640 explicantur.
2542 1557 2657 1620 Et-

356 1657 519 1722 enim
561 1659 806 1724 uberior
850 1659 916 1723 in
960 1660 1090 1725 dies
1132 1661 1621 1743 ingravescentis
1667 1659 1893 1724 furoris
1938 1658 2279 1724 illustratio
2327 1679 2385 1723 v.
2428 1661 2508 1723 25
2533 1678 2654 1741 sq.‚

357 1759 455 1822 cui
499 1760 564 1822 in
609 1759 938 1844 tragoedia
984 1762 1200 1843 aptum
1243 1763 1444 1826 locum
1497 1762 1797 1844 indagare
1841 1778 1965 1824 non
2009 1761 2330 1844 continget
2381 1797 2460 1806 —
2510 1780 2656 1825 nam

355 1861 522 1924 errat
569 1861 853 1926 Welcker
912 1864 982 1941 (1.
1027 1863 1067 1926 l.
1124 1883 1179 1945 p.
1229 1863 1379 1944 867)
1429 1899 1508 1908 -
1563 1861 2051 1927 Alexandrinam
2114 1863 2323 1944 poesin
2388 1862 2440 1926 si
2506 1861 2657 1944 quid

359 1980 632 2042 unquam
666 1962 850 2044 sapit,
897 1963 1006 2027 cui·
1040 1964 1188 2028 item
1237 1964 1540 2028 nutricem
1588 1963 1796 2028 animo
1840 1982 2114 2029 amorem
2144 1961 2657 2046 praesentientem

353 2082 412 2127 v.
457 2065 537 2126 33
578 2063 787 2128 deberi
856 2083 978 2129 non
1040 2066 1316 2149 negabiS,
1377 2066 1430 2130 si
1477 2066 1679 2144 mode,
1736 2085 1894 2148 quae
1939 2066 2123 2130 antea
2168 2064 2242 2128 de
2291 2063 2494 2128 solitis
2539 2083 2657 2126 nu-

353 2164 582 2228 tricum
642 2164 926 2245 partibus
995 2165 1329 2248 disputavi,
1399 2167 1753 2252 memineris·
1820 2165 1926 2245 (cf.
1972 2183 2159 2247 supra
2213 2184 2270 2247 p.
2318 2165 2445 2242 72).
2536 2162 2654 2229 Ca·

355 2283 548 2330 nacen
621 2265 820 2348 igitur
891 2267 1019 2332 illis
1087 2268 1470 2350 temporibus
1531 2268 1723 2333 simili
1768 2267 1950 2333 modo
1995 2269 2185 2350 atque
2227 2265 2550 2349 Myrrham
2595 2264 2656 2329 et

355 2367 648 2451 Scyllam,
694 2369 766 2433 ut
811 2368 1130 2435 Phaedrae
1173 2368 1516 2451 exemplum
1561 2388 1800 2451 semper
1842 2368 2289 2440 obversaretur,
2330 2366 2655 2431 cantatam

353 2487 482 2535 esse
546 2469 701 2536 mihi
762 2470 1033 2543 constat;
1111 2470 1276 2554 quod
1333 2471 1636 2536 iudicium
1692 2470 1972 2536 illustrat
2026 2469 2374 2552 puellarum
2418 2465 2656 2550 perdite

353 2572 702 2637 amantium
766 2574 832 2638 in
899 2573 1143 2655 pictura
1196 2573 1276 2637 ad
1343 2573 1509 2638 viam
1573 2573 1846 2655 Appiam
1912 2572 2168 2637 inventa
2232 2569 2345 2634 illa
2411 2568 2652 2647 seriesss,

351 2673 418 2736 in
489 2692 613 2755 qua
690 2674 1146 2756 componuntur
1230 2674 1585 2739 nominibus
1657 2674 1988 2757 adscriptis
2060 2672 2345 2737 Phaedra
2418 2670 2658 2736 Canace

357 2772 566 2857 Scylla
639 2775 895 2858 Myrrha
963 2775 1270 2856 Pasiphae
1283 2778 1328 2854 ⁴,
1412 2775 1512 2840 cui
1572 2775 1852 2840 conferas
1916 2772 2150 2839 similes
2222 2772 2540 2854 catalogos
2620 2792 2653 2837 a

351 2874 549 2956 poetis
599 2876 909 2940 confectos
925 2878 969 2940 ⁵.
1057 2875 1222 2940 Nam
1289 2875 1368 2940 ad
1433 2876 1635 2957 ipsam
1707 2876 1870 2941 hanc
1937 2874 2155 2939 seriem
2218 2874 2653 2938 inveniendam

560 3074 579 3105 ¹
619 3072 702 3126 Cf.
739 3072 1000 3127 Welcker
1046 3072 1084 3126 l.
1123 3072 1160 3124 l.
1196 3088 1250 3140 p.
1291 3071 1412 3125 860.
1487 3070 1617 3124 Birt
1651 3071 1687 3125 1.
1726 3071 1761 3123 l.
1798 3087 1854 3139 p.
1892 3070 2013 3124 400.
2052 3072 2173 3125 408.

555 3162 577 3193 ²
617 3160 680 3214 L.
719 3162 754 3216 l.
810 3178 863 3230 p.
909 3162 1028 3214 101.
1069 3162 1128 3229 2;
1203 3159 1272 3215 cf.
1318 3178 1374 3229 p.
1417 3161 1535 3213 129.
1610 3160 1713 3213 Ille
1758 3160 2127 3214 inconsultius
2176 3176 2398 3213 omnem
2443 3159 2655 3230 cogita-

351 3250 565 3305 tionem
602 3250 672 3304 de
711 3249 1000 3318 Euripidis
1039 3249 1355 3303 imitatione
1397 3248 1678 3302 abiectam
1715 3249 1857 3302 vult.

552 3339 574 3371 3
611 3340 947 3393 Asservatur
985 3355 1134 3393 nunc
1170 3337 1381 3392 Romae
1418 3338 1478 3390 in
1513 3354 1704 3391 museo
1725 3337 2029 3405 Vatican03
2074 3336 2146 3391 cf.
2172 3336 2655 3392 Raoul-Rochette

351 3427 531 3482 Peint.
578 3432 692 3481 ant.
744 3427 888 3482 ined.
938 3427 1001 3482 T.
1044 3429 1196 3481 1—5.
1282 3425 1487 3480 Biondi
1531 3426 1779 3480 Monum.
1827 3425 2224 3479 Amaranziani
2269 3424 2331 3480 T.
2377 3424 2655 3480 HI—VII.

348 3514 499 3569 Jahn
534 3516 704 3570 Arch.
743 3515 920 3571 Beitr.
968 3534 1022 3585 p.
1065 3517 1184 3569 245.
1260 3515 1491 3582 Dilthey
1529 3515 1736 3568 Annal.
1782 3514 1914 3568 dell’
1962 3513 2092 3567 Inst.
2157 3513 2291 3566 1869
2342 3531 2397 3582 p.
2437 3516 2523 3566 63.
2586 3544 2651 3553 —

351 3604 584 3672 Dilthey
623 3604 874 3659 Canacen
911 3608 1388 3674 repraesentatam
1427 3621 1543 3657 esse
1581 3607 1749 3671 putat
1784 3603 1842 3656 in
1879 3602 2103 3671 pictura
2125 3601 2466 3670 Pompeiana
2490 3601 2656 3656 Helb.

349 3710 439 3745 n0.
473 3694 604 3746 1381
641 3692 695 3746 b.
727 3692 949 3762 (Bullet.
981 3693 1112 3747 dell’
1139 3693 1273 3746 Inst.
1319 3693 1452 3746 1869
1489 3710 1544 3760 p.
1589 3693 1713 3759 158)
1754 3695 1811 3746 et
1849 3691 1907 3743 in
1944 3690 2169 3759 pictura
2205 3689 2474 3743 Stabiana
2493 3689 2654 3744 Helb.

349 3779 417 3833 N.
456 3780 611 3833 1265.
652 3781 885 3845 (Annali
922 3781 1052 3836 dell'
1090 3782 1225 3835 Inst.
1275 3780 1410 3834 1869
1447 3798 1502 3849 p.
1543 3782 1629 3833 63.
1667 3780 1753 3847 2);
1801 3778 1869 3833 cf.
1910 3779 2018 3833 Rh.
2057 3780 2201 3833 Mus.
2242 3778 2397 3832 XXV
2434 3796 2490 3847 p.
2533 3781 2651 3833 156.

551 3871 572 3901 ⁴
609 3869 837 3937 Dilthey
873 3870 980 3924 Rh.
1017 3870 1158 3923 Mus.
1187 3870 1330 3939 (1.1.)
1368 3870 1620 3937 puellam
1655 3886 1769 3922 non
1805 3868 2151 3922 nominatam
2191 3867 2433 3935 Byblida
2468 3871 2652 3935 putat.

553 3960 574 3989 ⁵
611 3958 958 4013 Modestinus
996 3960 1168 4014 Anth.
1207 3960 1331 4014 Lat.
1369 3978 1458 4013 no.
1485 3959 1590 4013 273
1628 3959 1655 4011 I
1689 3976 1744 4027 p.
1776 3960 1877 4012 183
1903 3959 1972 4013 R.
1997 3963 2223 4027 praeter
2249 3957 2389 4011 alias
2414 3957 2656 4026 Byblida

350 4046 536 4114 addit3
573 4046 711 4100 item
737 4046 968 4102 Ovidius
991 4051 1117 4102 Art.
1147 4051 1270 4102 Am.
1297 4048 1342 4115 1,
1382 4050 1486 4101 283
1513 4065 1595 4116 sq.
1635 4048 1891 4102 Canacen
1927 4047 2208 4101 omittens.
2240 4074 2301 4085 --
2323 4046 2653 4115 Catalogum

347 4136 574 4203 paulum
599 4136 891 4189 variarunt
910 4136 1237 4205 Propertius
1248 4136 1341 4203 IV,
1369 4138 1523 4190 19.11
1542 4154 1624 4205 sq.
1654 4136 1724 4189 H.
1755 4141 1812 4190 et
1829 4135 2113 4206 Vergilius
2134 4137 2273 4188 Aen.
2301 4134 2396 4198 VI,
2426 4135 2526 4186 441
2552 4151 2653 4202 sq.‚

351 4239 515 4290 quem
525 4223 804 4277 Ausonius
827 4224 1067 4293 (Cupido
1089 4226 1243 4279 cruci
1266 4224 1491 4294 affixus)
1509 4226 1792 4293 imitatur;
1813 4225 1883 4280 cf.
1905 4224 2136 4292 Dilthey
2158 4224 2245 4277 1.1.
2272 4222 2451 4278 Miror
2471 4222 2651 4276 virum

351 4310 577 4365 doctum
613 4312 925 4382 neglexisse
963 4313 1207 4368 alterum
1245 4314 1430 4370 Ovidii
1466 4315 1787 4384 catalogum
1823 4314 1905 4367 Ib.
1944 4315 2045 4367 355
2074 4330 2183 4383 sq.:
2222 4311 2413 4381 Byblis
2440 4311 2653 4365 Canace

347 4398 613 4469 Pelopeia
648 4400 882 4470 Myrrha
917 4400 1245 4473 Nyctimene
1282 4402 1585 4457 Comaetho
1623 4401 1834 4473 Scylla;
1878 4402 1948 4457 cf.
1975 4402 2174 4457 Rohde
2207 4401 2243 4456 1.
2272 4401 2310 4454 1.
2347 4418 2402 4470 Ρ.
2437 4401 2557 4453 101.
2589 4400 2640 4452 2.
