3157 5028
1640 367 1741 421 112
1814 329 1819 333 ’

536 535 875 601 transitum
929 535 1047 601 sibi
1091 538 1274 620 parat
1319 537 1397 603 ad
1443 557 1659 603 verum
1713 538 1923 622 ignem
1978 541 2396 622 aperiendum.
2454 579 2535 591 -
2602 545 2845 611 Deinde

535 635 783 718 quidem
809 637 1060 719 Apuleii
1103 637 1316 704 fabula
1356 640 1669 722 propriam
1710 640 1876 704 viam
1926 641 2306 723 ingreditur;
2356 665 2502 710 nam
2531 646 2584 710 si
2613 646 2843 712 disces·

534 736 684 801 seris
748 739 828 802 ab
887 738 1152 802 externis
1216 738 1639 805 lineamentis:
1718 742 1963 823 repulsa
2029 761 2329 809 novercae
2391 745 2532 811 odio
2564 748 2839 812 calum·

534 838 795 921 niisque,
863 857 1023 922 (11166
1076 841 1442 906 conservata
1505 842 1671 920 sunt,
1742 844 2056 926 ceteroqui
2106 845 2563 929 transfigurata
2620 850 2713 912 est
2770 849 2838 912 in

533 959 743 1007 veram
787 941 1118 1006 historiam
1161 941 1518 1007 iudicialem
1562 960 1638 1006 ac
1681 942 2004 1008 forensem.

732 1043 964 1106 Verum
1008 1042 1125 1106 1106
1166 1060 1304 1106 mea
1347 1042 1687 1124 plurimum
1734 1043 1957 1108 refert:
2003 1045 2069 1108 in
2097 1045 2346 1127 Apuleii
2392 1046 2608 1113 fabula
2644 1067 2836 1131 argu-

530 1143 726 1208 menti
773 1162 1100 1222 summam,
1148 1162 1272 1226 qua
1315 1143 1425 1208 illa
1459 1143 1777 1208 Romanae
1806 1145 2166 1227 tragoediae
2194 1165 2416 1211 scaena
2461 1148 2833 1228 continetur,

530 1243 1019 1327 recognovimus;
1069 1246 1159 1327 ut,
1205 1245 1502 1327 quoniam
1524 1245 1601 1310 de
1626 1243 1861 1312 Graeca
1883 1246 2133 1312 fabulae
2158 1247 2398 1329 origine
2421 1248 2696 1315 dubitari
2728 1269 2834 1314 ne-

531 1345 687 1429 quit,
754 1345 882 1410 iam
928 1362 1086 1410 novo
1137 1346 1507 1428 argumento
1553 1346 1895 1429 colligatur
1938 1347 2297 1429 Euripidem
2341 1349 2503 1414 hanc
2548 1369 2832 1416 scaenam

528 1446 855 1512 invenisse.
920 1445 1035 1512 Cui
1078 1446 1311 1511 iudicio
1354 1466 1478 1511 non
1521 1447 1722 1521 video,
1767 1448 1917 1530 quid
1962 1449 2182 1513 melius
2226 1468 2581 1517 succurrere
2619 1452 2833 1535 possit,

530 1567 717 1630 quam
780 1547 973 1630 ipsius
1033 1547 1284 1629 Apuleii
1351 1547 1537 1613 verba
1598 1547 1849 1613 fabulae
1921 1549 2226 1632 praefixa:
2310 1550 2363 1616 ‘I
2389 1572 2512 1617 am
2575 1553 2836 1618 lector

530 1649 840 1730 optime,
899 1649 1096 1714 scito
1147 1651 1222 1713 te
1274 1649 1793 1732 tragoediam,
1862 1669 2003 1715 non
2064 1650 2404 1718 fabulam
2448 1655 2707 1737 legere
2756 1654 2834 1719 et

527 1767 563 1812 a
627 1767 848 1815 socco
915 1749 1011 1816 ad
1078 1750 1539 1816 cothurnum
1608 1742 2089 1816 ascendere'.
2179 1753 2342 1835 Quid
2408 1755 2651 1820 multa?
2736 1757 2834 1821 De

527 1852 712 1916 huius
771 1852 1070 1935 prooemii
1120 1853 1384 1934 pondere
1440 1871 1550 1918 nos
1608 1871 1731 1917 non
1786 1871 1963 1935 posse
2012 1854 2163 1936 puto
2206 1855 2540 1937 ambigere,
2606 1856 2835 1938 quippe

527 1954 692 2037 quod
723 1954 1154 2020 Madaurensis
1184 1954 1348 2019 certe
1378 1972 1501 2019 non
1529 1952 1605 2018 de
1635 1972 1745 2019 suo
1775 1954 2026 2037 ingenio
2073 1956 2171 2020 vel
2201 1956 2485 2021 doctrina
2515 1956 2833 2040 adiecerit,

528 2075 668 2122 cum
721 2057 783 2121 et
827 2057 964 2121 tota
1027 2056 1346 2121 actionum
1385 2055 1733 2138 implicatio
1780 2055 1995 2122 fabula
2041 2057 2396 2142 romanensi
2441 2058 2538 2122 vel
2583 2057 2832 2123 Milesia

526 2157 894 2241 dignissima
935 2176 1044 2239 pro
1075 2157 1421 2240 tragoedia,
1466 2177 1655 2240 quam
1700 2176 1775 2223 ne
1805 2158 1997 2224 dictio
2045 2159 2293 2242 quidem
2338 2159 2594 2238 redolet,
2643 2159 2831 2225 nimis

526 2260 849 2326 vehemens
905 2259 990 2323 sit
1052 2260 1112 2323 et
1177 2259 1376 2324 altera
1443 2259 1694 2323 fabulae
1753 2278 1897 2341 pars
1960 2260 2275 2342 tragicum
2342 2261 2607 2326 colorem
2674 2261 2829 2326 adeo

524 2361 821 2437 amiserit,
867 2361 939 2425 ut
984 2360 1173 2426 etiam
1217 2358 1480 2424 nutricis
1509 2360 1715 2440 partes
1758 2360 2049 2442 demptae
2078 2361 2223 2440 sint,
2266 2361 2465 2426 altera
2491 2361 2831 2426 maximam

524 2464 765 2546 partem
811 2462 878 2526 in
927 2461 1175 2527 iudiciis
1229 2479 1302 2527 ac
1357 2460 1490 2526 foro
1555 2462 1805 2544 agatur.
1894 2461 2195 2527 Attamen
2253 2462 2393 2529 tota
2459 2462 2687 2531 fabella
2757 2481 2831 2528 ex

521 2584 648 2629 una
692 2564 1026 2646 eademque
1058 2562 1295 2628 Graeca
1337 2562 1589 2627 officina
1633 2562 1884 2645 prodiit,
1931 2562 2108 2627 cuius
2139 2562 2228 2627 rei
2258 2563 2581 2629 Heliodori
2612 2563 2827 2629 fabula

523 2666 597 2731 de
641 2664 950 2731 Cnemone
993 2663 1206 2741 (Aeth.
1252 2664 1303 2742 I,
1350 2665 1389 2729 9
1433 2664 1576 2746 sq.),
1624 2681 1813 2745 quam
1858 2680 2045 2744 supra
2087 2664 2214 2729 iam
2256 2664 2442 2747 tetigi
2487 2683 2561 2729 ac
2604 2665 2821 2729 statim

523 2766 936 2855 pertractabO,
1003 2765 1156 2830 satis
1216 2765 1429 2847 aperto
1491 2765 1726 2829 indicio
1795 2766 1917 2833 est.
1948 2766 2163 2847 utpote
2227 2766 2306 2830 ab
2369 2766 2583 2831 eodem
2648 2765 2816 2830 simi-

518 2867 643 2931 live
687 2866 1020 2950 archetypo
1064 2866 1354 2947 pendens.
1443 2865 1667 2947 Itaque
1724 2884 1845 2930 non
1902 2864 2141 2944 dubito,
2211 2865 2361 2947 quin
2407 2867 2505 2953 illi
2556 2865 2819 2948 fabulae,

521 2986 680 3049 quae
742 2966 1093 3049 antiquitus
1155 2985 1386 3049 magna
1453 2984 1522 3031 ex
1587 2966 1765 3047 parte
1830 2965 1911 3030 ad
1965 2966 2294 3049 Hippolyti
2354 2966 2560 3030 Velati
2622 2984 2825 3031 exem-

519 3068 656 3150 plar
699 3066 964 3132 conficta
1022 3086 1059 3132 a
1112 3067 1302 3131 variis
1361 3067 1651 3131 manibus
1713 3064 2166 3148 transfigurata
2210 3066 2320 3145 est,
2389 3066 2581 3131 donec
2641 3066 2823 3145 hanc,

522 3188 711 3252 quam
767 3170 1067 3248 tenemuS,
1133 3168 1398 3233 formam
1461 3166 1687 3247 induit,
1760 3167 1909 3233 olim
1974 3167 2046 3232 ut
2108 3168 2173 3231 in
2220 3167 2542 3233 Parthenii
2603 3186 2825 3233 narra-

517 3270 793 3335 tionibus
847 3269 1234 3352 adscriptum
1292 3269 1510 3333 fuerit:
1575 3262 1830 3351 ἱστορεῖ
1872 3260 2238 3354 Εὐριπίδης
2290 3270 2402 3334 aut
2460 3269 2589 3335 tale
2634 3268 2825 3351 quid;

520 3389 680 3451 quae
724 3370 1048 3453 inscriptio
1107 3389 1254 3437 casu
1307 3370 1371 3435 in
1423 3389 1547 3435 uno
1602 3371 1881 3436 alterove
1944 3370 2217 3453 exemplo
2282 3388 2475 3453 usque
2518 3370 2599 3435 ad
2645 3370 2824 3451 Apu-

521 3473 627 3538 leii
691 3474 971 3554 tempora
1038 3472 1291 3536 duravit
1308 3473 1346 3535 ¹.
1442 3471 1658 3554 Neque
1716 3470 1917 3553 igitur
1976 3470 2056 3536 ad
2121 3471 2461 3535 extremum
2523 3470 2589 3534 id
2640 3470 2821 3552 parvi

519 3573 1003 3651 aestimandum,
1078 3572 1244 3655 quod
1311 3571 1613 3654 Apuleius
1688 3570 1766 3655 (6.
1830 3572 1914 3653 V)
1993 3573 2209 3636 narrat
2279 3590 2608 3637 novercam
2677 3588 2823 3653 pro-

517 3676 730 3740 bosam
799 3674 1306 3739 sollicitationem
1374 3673 1706 3738 mentitam
1763 3674 1928 3737 ultro
1982 3674 2229 3738 finxisse
2287 3672 2647 3755 privignum
2701 3672 2821 3737 sibi

519 3777 597 3841 ob
663 3776 978 3840 detectum
1034 3775 1347 3858 flagitium
1415 3775 1629 3858 gladio
1694 3774 2145 3839 comminatum
2214 3792 2361 3852 esse,
2428 3771 2822 3855 quandoqui-

518 3876 657 3941 dem
724 3876 1110 3941 consimilem
1179 3876 1444 3941 Senecae
1511 3875 1824 3941 fictionem
1847 3878 1873 3916 ²
1936 3875 2220 3958 Euripidi
2287 3874 2551 3939 fortasse
2615 3873 2822 3939 vindi-

721 4142 740 4172 ¹
777 4141 1083 4210 Apuleium
1120 4142 1297 4210 ipsam
1337 4140 1577 4196 Senecae
1616 4137 1868 4194 fabulam
1905 4144 2036 4194 ante
2086 4139 2275 4194 oculos
2325 4137 2603 4204 habuisse,
2654 4135 2700 4188 si
2736 4151 2821 4203 ea,

519 4246 664 4298 quae
699 4246 869 4299 supra
904 4231 1152 4300 exposui,
1186 4231 1486 4299 reputaris,
1523 4247 1637 4283 non
1674 4228 1913 4298 amplius
1952 4227 2280 4283 affirmabis.

721 4320 743 4351 ²
778 4317 989 4373 Seneca
1045 4317 1236 4372 differt
1290 4336 1354 4373 eo
1409 4322 1656 4383 tantum,
1712 4316 1864 4385 quod
1909 4316 2251 4385 Hippolytus
2308 4314 2499 4385 gladio
2554 4312 2819 4382 pudicam

519 4405 786 4458 terruisse
829 4404 1040 4459 dicitur
1075 4423 1128 4458 v.
1164 4407 1286 4460 728.
1324 4405 1447 4458 891.
