3157 5028
1568 373 1634 426 lo

447 551 635 616 verba
680 549 944 633 proiciat
987 569 1045 614 y.
1097 549 1258 613 1010
1302 567 1413 631 sq.‚
1458 566 1580 612 non
1625 548 1689 612 te
1740 547 1958 630 fugiet,
2004 547 2383 629 quantopere
2425 545 2750 627 Euripides

449 652 602 716 haec
671 651 737 715 in
811 649 1058 716 brevius
1133 648 1530 714 contraxerit.
1662 647 1836 714 Idem
1908 666 2103 730 aeque
2174 649 2239 712 in
2312 647 2519 712 totam
2591 647 2752 712 hanc

449 772 737 818 scaenam
776 751 1131 834 Eripideam
1178 750 1396 816 cadere
1437 751 1537 814 vel
1582 749 1781 814 obiter
1826 749 2353 830 comparationem
2395 747 2751 813 instituenti

449 854 742 937 liquebit;
814 855 886 917 ut
942 871 1078 918 meo
1143 852 1299 917 mihi
1355 852 1488 917 iure
1550 851 1804 917 interim
1874 850 2241 917 contendere
2301 850 2517 915 videar
2570 850 2753 914 Euri-

449 954 658 1038 pidem
696 952 1062 1036 Sophoclem
1106 953 1168 1016 et
1210 972 1334 1016 non
1374 953 1541 1016 hunc
1584 952 1765 1016 illum
1810 952 1956 1017 ante
2002 951 2211 1016 oculos
2254 951 2543 1017 habuisse
2565 955 2601 1015 ¹.
2666 989 2751 997 —

449 1055 569 1120 Sed
619 1055 958 1137 praesagiO,
1026 1072 1152 1136 qua
1212 1053 1454 1118 ratione
1518 1053 1951 1136 intellegentes
2016 1053 2172 1116 mihi
2227 1053 2542 1117 occursuri
2589 1053 2749 1117 sint:

450 1156 745 1221 nimirum
789 1155 1178 1219 Philocteten
1224 1173 1469 1238 quoque
1514 1156 1581 1218 in
1624 1155 1758 1237 ipsa
1820 1172 2038 1220 scaena
2082 1153 2372 1220 flebiliter
2415 1155 2749 1220 lamentari

449 1257 512 1322 et
555 1275 592 1322 a
638 1256 1026 1337 Neoptolemi
1063 1255 1296 1338 gladio
1355 1256 1621 1319 mortem
1686 1255 1963 1336 expetere
2030 1253 2243 1337 (Soph.
2293 1255 2561 1320 Philoct.
2607 1253 2747 1336 747,

449 1358 526 1423 cf.
579 1358 741 1422 1204
785 1361 936 1440 sq.);
994 1356 1239 1422 Ulixem
1294 1358 1503 1420 autem
1557 1355 1624 1420 in
1680 1355 1999 1438 Sophoclis
2061 1356 2306 1437 Niptris
2355 1357 2746 1422 vulneratum

447 1459 512 1523 in
557 1477 845 1524 scaenam
888 1458 1279 1541 deportatum
1326 1457 1583 1522 comites
1633 1456 1981 1536 admonere,
2047 1458 2118 1521 ut
2166 1456 2635 1540 ‘pedetemptim
2689 1459 2751 1522 et

447 1560 662 1625 sedato
715 1560 872 1642 nisu,
941 1578 1018 1624 ne
1079 1577 1374 1624 succussu
1434 1559 1710 1641 adripiat
1771 1559 1971 1624 maior
2033 1549 2243 1623 dolor'
2308 1577 2371 1623 se
2435 1558 2751 1624 adducant

447 1660 686 1740 (Cicero
713 1660 891 1724 Tusc.
935 1661 1018 1739 ΙΙ,
1064 1661 1166 1724 21.
1234 1659 1522 1724 Welcker
1563 1660 1607 1724 1.
1653 1660 1694 1725 l.
1740 1679 1797 1742 p.
1842 1660 2017 1740 244).
2069 1690 2139 1706 -·—
2190 1659 2497 1726 Graviora
2551 1660 2751 1744 igitur

447 1761 820 1845 argumenta
883 1762 1150 1826 exhibeo.
1257 1759 1713 1826 Gravissimum
1780 1761 1943 1825 enim
2007 1761 2070 1826 et
2138 1760 2259 1845 quo
2323 1763 2503 1844 poeta
2571 1761 2749 1844 quasi

447 1864 684 1928 invitus
744 1863 977 1928 indicet
1039 1881 1103 1926 se
1167 1862 1447 1927 fabulam
1514 1861 1922 1944 Sophocleam
1989 1863 2053 1926 in
2126 1862 2366 1928 deliciis
2441 1863 2745 1945 habuisse,

445 1965 512 2030 id
556 1965 668 2044 est,
737 1965 900 2047 quod
947 1965 1168 2029 chorus
1212 1965 1483 2047 primum
1532 1964 1661 2028 vim
1708 1964 1958 2030 Amoris
2000 1964 2292 2030 laudibus
2342 1963 2637 2030 extollens
2681 1964 2748 2028 in

446 2067 610 2132 Ioles
670 2065 1012 2148 exemplum
1067 2064 1291 2130 incidit
1351 2085 1405 2130 v.
1454 2067 1576 2130 545
1621 2085 1743 2148 sq.‚
1810 2067 1999 2149 atque
2059 2065 2125 2130 id
2180 2066 2451 2148 primum
2516 2083 2746 2148 eorum,

447 2185 609 2250 quae
651 2165 1008 2232 illustrandi
1053 2186 1242 2232 causa
1285 2167 1509 2251 adfert,
1555 2168 1719 2250 quod
1750 2169 2018 2233 maxime
2048 2187 2256 2252 urgeo.
2354 2166 2548 2245 Adde,
2581 2165 2747 2249 quod

447 2267 522 2332 de
567 2267 818 2332 fabulae
862 2267 1062 2332 forma
1108 2267 1362 2332 minime
1407 2269 1720 2334 constanti
1762 2269 2005 2352 agitur,
2071 2269 2174 2335 sed
2219 2268 2465 2334 diversa
2506 2269 2747 2334 ratione

447 2389 485 2434 a
529 2369 934 2451 scriptoribus
978 2368 1274 2434 tractata.
1361 2369 1571 2453 Atque
1630 2372 1759 2452 ipse
1815 2369 2145 2453 Sophocles
2202 2371 2330 2436 tale
2390 2369 2539 2452 quid
2583 2368 2749 2433 indi-

445 2489 586 2535 care
629 2470 877 2536 videtur
921 2470 1211 2535 nuntium
1255 2470 1675 2550 introducenS,
1721 2471 1828 2555 qui
1873 2470 2128 2537 Licham
2175 2488 2535 2554 praeconem
2573 2487 2747 2535 men-

445 2572 610 2636 dacii
655 2572 945 2656 coarguit
991 2592 1047 2637 v.
1086 2574 1205 2638 351
1253 2593 1362 2656 sq.‚
1417 2573 1581 2655 quod
1627 2573 2031 2652 contenderit,
2075 2574 2403 2639 Herculem
2451 2572 2747 2637 adversus

447 2672 809 2738 Oechaliam
856 2674 1189 2739 exercitum
1237 2674 1498 2753 duxisse,
1556 2675 1629 2738 ut
1679 2694 1743 2739 se
1785 2674 2133 2740 vindicaret
2176 2677 2255 2741 ab
2304 2675 2575 2757 Euryto;
2634 2673 2743 2752 ita,

446 2774 520 2837 ut
561 2773 786 2839 Lichas
831 2776 1044 2856 postea
1091 2794 1149 2839 v.
1191 2776 1312 2841 471
1359 2794 1449 2858 sq.
1498 2776 1705 2840 nuntii
1743 2778 2162 2843 narrationem
2207 2776 2539 2840 Herculem
2585 2773 2744 2839 Ioles

446 2893 656 2940 amore
698 2873 1068 2958 flagrantem
1116 2876 1472 2943 Oechaliam
1520 2896 1907 2960 oppugnasse
1952 2878 2130 2941 unice
2170 2895 2379 2941 veram
2425 2895 2553 2941 esse
2597 2893 2745 2940 con-

447 2975 656 3040 cedere
699 2978 980 3056 cogatur.
1067 2978 1447 3061 Pherecydes
1505 2979 1669 3043 enim
1718 2978 1793 3043 de
1843 2978 2109 3043 Hercule
2162 2978 2241 3043 ad
2290 2978 2595 3062 Eurytum
2644 2996 2743 3041 ve-

445 3076 653 3141 niente
717 3076 846 3142 ita:
919 3076 1028 3141 καὶ
1079 3068 1219 3166 ᾔτει
1275 3073 1392 3167 τὴν
1457 3077 1784 3162 θυγατέρα
1840 3078 2063 3160 (Iolen)
2118 3072 2336 3163 (Ὑλλῳ
2400 3081 2665 3163 γυναῖκα
2688 3079 2741 3159 ²3

446 3177 736 3269 quocirca
789 3178 957 3243 haud
1003 3180 1129 3244 scio
1176 3200 1256 3244 an
1303 3178 1703 3264 Creophylus,
1751 3181 1857 3263 qui
1902 3180 2092 3245 Iolem
2140 3181 2388 3263 quidem
2428 3180 2623 3256 novit,
2669 3178 2745 3243 de

444 3276 737 3343 Herculis
801 3297 1010 3345 amore
1069 3299 1191 3346 non
1257 3282 1567 3345 cecinerit.
1612 3318 1697 3327 —-
1736 3283 1795 3348 A
1841 3282 2139 3365 Sophocle
2180 3282 2398 3364 igitur,
2457 3282 2565 3363 qui
2630 3281 2745 3345 hoc

647 3533 664 3564 ¹
705 3533 913 3589 Scaena
939 3534 1245 3602 Euripidea
1267 3534 1631 3603 Aristophani
1661 3534 1897 3589 fortasse
1923 3534 2094 3589 bilem
2118 3534 2315 3602 movit,
2351 3538 2415 3588 ut
2452 3534 2511 3587 in
2531 3534 2743 3589 Achar-

443 3622 706 3677 nensibus
744 3624 1100 3679 vulneratum
1123 3624 1466 3679 Lamachum
1505 3624 1564 3676 in
1601 3641 1858 3678 scaenam
1898 3624 2259 3692 adportatum
2296 3623 2498 3678 misere
2535 3624 2743 3677 lamen-

442 3716 656 3765 tantem
707 3711 961 3783 fingeret.
1035 3714 1205 3767 Initio
1259 3713 1408 3767 enim
1453 3732 1504 3767 v.
1550 3713 1681 3765 1191
1728 3730 1807 3781 sq.
1854 3730 2077 3767 causam
2132 3712 2307 3767 cladis
2357 3712 2529 3768 simili
2576 3712 2743 3766 modo

444 3801 693 3869 exponit,
734 3818 842 3870 quo
869 3802 1205 3871 Hippolytus
1243 3819 1295 3855 v.
1329 3803 1463 3854 1347
1491 3818 1571 3869 sq.
1648 3799 1921 3855 Similiter
1956 3801 2189 3855 comites
2220 3801 2483 3855 admonet
2520 3818 2570 3855 V.
2605 3801 2741 3852 1215

446 3894 614 3957 atque
648 3889 742 3944 hic
785 3908 838 3943 v.
884 3891 1036 3943 1359.
1081 3892 1235 3958 1361,
1294 3908 1436 3959 quae
1485 3889 1840 3958 Dicaeopolis
1896 3889 2131 3943 subinde
2187 3890 2245 3942 in
2301 3890 2603 3944 ridiculum
2650 3889 2741 3942 de-

447 3982 675 4045 torquet
730 3996 782 4031 v.
827 3980 978 4031 1216.
1071 3979 1280 4048 Neque,
1339 3996 1502 4047 quem
1550 3978 1889 4049 Hippolytus
1946 3979 2173 4033 invocat
2222 3978 2444 4033 Paeana
2481 3997 2533 4033 v.
2582 3978 2738 4047 1373,

442 4066 757 4122 Lamachus
799 4068 1104 4137 implorare
1144 4068 1362 4122 omittit
1396 4086 1449 4122 v.
1493 4068 1645 4121 1212.

649 4155 670 4187 ²
707 4153 887 4209 Schol.
929 4153 1096 4224 Soph.
1133 4154 1337 4210 Trach.
1375 4157 1498 4208 354.
1575 4156 1784 4210 Contra
1822 4154 2144 4209 Herodorus
2200 4155 2314 4209 iam
2372 4155 2441 4209 de
2485 4152 2743 4208 Herculis

443 4245 502 4295 et
525 4242 668 4296 Ioles
705 4244 1067 4298 matrimonio
1093 4244 1363 4298 narravit.
1389 4243 1569 4298 Schol.
1597 4244 1733 4298 Eur.
1760 4244 1890 4313 Hip.
1918 4245 2038 4297 545.
2080 4244 2161 4297 Cf.
2185 4242 2367 4297 Schol.
2394 4243 2557 4298 Hom.
2576 4263 2638 4312 φ.
2658 4241 2743 4295 22.

441 4330 508 4384 Ε.
547 4330 853 4386 Schwartz:
913 4332 982 4387 de
1018 4332 1189 4388 schol.
1227 4332 1388 4387 Hom.
1436 4332 1508 4389 sd
1554 4332 1686 4389 hist.
1732 4331 1844 4388 fab.
1882 4332 2184 4405 pertinent.
2242 4332 2511 4389 Fleckeis.
2550 4331 2739 4403 Suppl.

443 4418 550 4473 XII
587 4438 644 4489 p.
683 4422 787 4473 446
827 4438 906 4491 sq.
