3157 5028
1577 328 1648 382 '72

1628 495 1800 568 ‘dic’
1843 501 2053 585 inquit
2092 493 2431 584 ‘opemque

759 623 858 670 me
901 604 1032 669 sine
1075 603 1234 669 ferre
1271 603 1426 678 tibi;
1471 622 1616 668 non.
1642 603 1736 668 est
1777 622 1915 668 mea
1958 602 2139 686 pigra
2184 603 2482 668 senectus.

759 703 879 770 Seu
922 705 1096 770 furor
1139 706 1251 781 est,
1296 704 1512 783 habe0‚
1560 723 1721 787 quae
1765 704 2037 769 carmine
2077 704 2254 769 sanet
2298 705 2358 768 et
2402 703 2627 783 herbis,

757 806 888 871 sive
931 805 1162 888 aliquis
1205 806 1438 885 nocuit,
1485 805 1733 888 magico
1777 804 2123 871 lustrabere
2168 806 2318 884 ritu,

757 907 853 972 ira
895 907 1078 972 deum
1121 907 1257 972 sive
1299 908 1412 987 est,
1457 906 1652 972 sacris
1694 906 2020 988 placabilis
2065 906 2179 972 ira.

461 1007 738 1088 Quorum
784 1025 1076 1073 versuum
1122 1008 1495 1090 exemplaria
1543 1026 1613 1072 ex
1644 1007 1979 1090 Euripidea
2025 1008 2239 1074 fabula
2282 1009 2476 1092 repeti
2520 1009 2767 1074 debent.

462 1109 564 1172 Ab
607 1109 857 1174 externa
902 1108 1103 1174 forma
1150 1110 1508 1192 congruunt
1551 1129 1609 1174 v.
1654 1110 1779 1174 293
1829 1129 1953 1193 sq.:

759 1204 858 1273 κὲῖ
901 1205 1020 1290 μὲν
1059 1213 1278 1285 νοσεῖς
1323 1231 1390 1273 τι
1433 1215 1567 1273 ταῖν
1611 1202 2009 1295 ἀπορρήτων
2051 1211 2286 1284 κακῶν,

759 1311 1054 1392 γυναῖκες
1095 1308 1238 1374 αἵδε
1283 1304 1798 1394 συγκαθιστάναι
1841 1304 2064 1376 νόσον·

761 1405 820 1474 εἶ
864 1408 919 1474 δ’
971 1403 1257 1496 ἔκφορός
1300 1433 1408 1474 σοι
1453 1405 1765 1499 συμφορὰ
1809 1407 1983 1494 πρὸς
2024 1401 2320 1494 ἷίρσενας,

762 1508 912 1596 λέγ’,
959 1505 1053 1589 αἶς
1097 1507 1350 1593 ἰατροῖς
1396 1514 1676 1596 πρᾶγμα
1718 1514 1984 1601 μηνυθῇ
2026 1512 2199 1578 τόδε.
2243 1549 2327 1558 —

762 1603 896 1678 εἶεν
921 1629 935 1644 ·
978 1611 1046 1677 τί
1087 1614 1272 1701 σιγᾷς
1284 1638 1305 1692 ,·
1355 1612 1488 1679 κτλ.

463 1713 544 1778 ab
587 1714 957 1796 argumento
1003 1715 1217 1798 aliqua
1262 1734 1333 1780 ex
1378 1716 1556 1798 parte
1601 1735 1658 1780 v.
1706 1715 1830 1780 478
1880 1734 1969 1797 sq.
2016 1715 2119 1791 (cf.
2167 1735 2225 1781 v.
2270 1715 2394 1779 509
2438 1715 2591 1796 sq.):

763 1810 930 1879 εἰσὶν
972 1813 1026 1879 δ’
1076 1812 1330 1901 ἐπῳδαὶ
1375 1815 1484 1880 καὶ
1529 1808 1715 1899 λόγοι
1759 1809 2140 1903 θελκτήριοι
2204 1814 2311 1898 (cf.
2359 1815 2471 1881 OV.
2518 1834 2574 1880 v.
2620 1812 2770 1896 397)

461 1933 520 1979 v.
567 1913 726 1980 480:

763 1999 806 2099 ἦ
851 2004 991 2098 vc'iq'
1039 2009 1120 2079 ἂν
1163 2007 1298 2100 ὄψέ
1341 2019 1396 2100 γ’
1442 2004 1676 2098 ἄνδρες
1720 2007 2043 2096 ἐξεύροιεν
2078 2003 2186 2094 ἔν,
2230 2009 2233 2012 ’

761 2110 822 2180 εἰ
860 2109 948 2204 μὴ
990 2119 1284 2200 γυναῖκες
1325 2114 1615 2201 μηχανὰς
1659 2109 2029 2205 εὑρήσομεν
2070 2116 2173 2196 (cf.
2212 2116 2326 2182 ΟΥ.
2375 2135 2431 2181 v.
2471 2117 2622 2197 396)
2644 2117 2684 2181 ¹.

462 2215 553 2280 At
597 2215 763 2298 quod
809 2217 1023 2281 nutrix
1068 2218 1450 2300 suspicatur:
1497 2237 1604 2283 seu
1647 2218 1821 2283 furor
1860 2219 1954 2282 est
1998 2253 2081 2268 --
2113 2217 2243 2282 sive
2287 2217 2517 2300 aliquis
2556 2217 2771 2284 nocuit

465 2353 544 2364 —-
597 2317 692 2381 ira
747 2316 930 2382 deum
987 2319 1118 2384 sive
1171 2323 1266 2385 est
1331 2355 1432 2399 -—‚
1499 2338 1751 2402 prorsus
1809 2319 2051 2384 easdem
2100 2319 2487 2384 coniecturas
2548 2318 2770 2384 chorus

464 2418 832 2500 Euripideus
880 2420 1066 2485 antea
1111 2420 1186 2486 de
1228 2421 1550 2486 Phaedrae
1597 2421 1810 2486 morbo
1852 2420 2000 2485 iecit
2050 2439 2101 2486 v.
2152 2420 2269 2484 141
2312 2439 2425 2502 sq.,
2488 2420 2606 2484 151
2653 2439 2764 2503 sq„

468 2520 588 2584 145
631 2539 721 2603 sq.

664 2622 861 2688 Poeta
906 2624 1226 2690 Romanus
1269 2624 1490 2690 deinde
1533 2625 1843 2691 nutricem
1887 2624 2085 2706 patris
2140 2625 2516 2689 mentionem
2577 2622 2771 2688 veluti

465 2740 612 2786 casu
677 2723 1031 2789 inicientem
1097 2724 1314 2808 fingit3
1379 2727 1514 2790 tum
1558 2726 1815 2809 Myrrha
1868 2725 2084 2790 audito
2140 2724 2327 2790 fatali
2379 2725 2630 2790 nomine
2673 2724 2770 2787 in-

464 2822 754 2905 gemiscit
824 2845 880 2891 v.
949 2827 1092 2889 402.
1202 2826 1430 2891 Eodem
1499 2826 1771 2893 artificio
1836 2826 2041 2891 utitur
2096 2824 2423 2908 Euripides
2491 2845 2549 2891 v.
2616 2826 2739 2889 310
2754 2846 2783 2917 ς·

466 2922 630 3005 quod
662 2923 905 3005 ovidio,
953 2926 1062 3009 qui
1108 2946 1296 2991 anum
1345 2946 1618 2993 amorem
1651 2928 2027 3009 praesentire
2055 2927 2273 2993 narrat
2301 2946 2359 2992 v.
2384 2927 2528 3009 404,
2576 2944 2765 3009 quan·

465 3041 654 3107 quam
688 3023 942 3107 Myrrha
986 3045 1063 3091 ne
1107 3027 1292 3092 verbo
1339 3028 1587 3111 quidem
1634 3047 1775 3093 eum
1817 3027 2485 3111 tetigit—Euripides
2526 3026 2770 3093 cautius

466 3124 596 3206 egit
643 3161 738 3200 —,
805 3127 897 3191 ita
947 3128 1204 3213 placuit,
1271 3130 1344 3194 ut
1388 3128 1554 3194 idem
1598 3129 1825 3195 iterum
1872 3129 2193 3195 adhiberet
2262 3149 2317 3195 v.
2360 3130 2504 3193 410.
2595 3128 2769 3193 Tunc

465 3224 724 3309 Myrrha
772 3228 812 3293 l.
857 3229 929 3295 lz.

1104 3332 1325 3399 exiluit
1373 3334 1612 3415 gremio
1657 3333 1994 3398 furibunda
2041 3333 2373 3416 torumque

767 3451 870 3499 ore
915 3453 1196 3516 premens
1233 3428 1251 3455 ‘
1270 3434 1531 3514 discede,
1582 3453 1813 3516 precor,
1859 3434 2207 3517 miseroque
2250 3434 2471 3516 pudori

765 3525 1006 3616 parce!'
1051 3536 1162 3601 ait.
1253 3536 1523 3601 Instanti
1566 3531 1861 3610 ‘discede,
1901 3536 2013 3601 aut
2054 3524 2291 3600 desine‘
2336 3535 2500 3600 dixit

761 3630 1110 3719 ‘quaerere,
1161 3635 1311 3720 quid
1357 3636 1630 3703 doleam:
1687 3637 1885 3702 scelus
1930 3637 2024 3700 est
2068 3635 2233 3718 quod
2272 3635 2431 3701 scire
2476 3627 2769 3703 laboras'.

669 3829 686 3861 ¹
727 3830 1089 3900 Intellegisne
1110 3830 1370 3899 antiquos
1395 3836 1591 3901 poetas
1614 3831 1673 3884 in
1698 3830 2139 3900 interpretandis
2165 3829 2253 3883 his
2278 3829 2532 3884 versibus
2552 3848 2769 3887 mecum

463 3918 821 3973 consentire?
876 3918 1255 3989 Congruentia
1294 3924 1482 3975 autern
1521 3938 1645 3975 cum
1674 3920 1878 3974 ovidio
1917 3919 2171 3988 impellat
2207 3918 2397 3973 forsan
2435 3921 2769 3990 quempiam,

451 3996 528 4059 'ut
564 4006 804 4061 coniciat
840 4008 940 4061 hos
981 4025 1174 4061 versus
1210 4009 1565 4079 Euripideos,
1609 4027 1746 4079 quos
1782 4010 1923 4077 1000,
1970 4026 2079 4077 quo
2115 4026 2263 4061 1111110
2299 4009 2581 4078 leguntur,
2632 4009 2769 4063 ferri

464 4110 576 4147 non
615 4112 775 4164 posse
813 4098 1075 4163 vidimus,
1133 4098 1313 4167 priori
1361 4099 1447 4152 illi
1498 4099 1737 4153 nutricis
1786 4116 1909 4153 cum
1946 4097 2204 4151 Phaedra
2246 4096 2525 4166 colloquio
2566 4098 2770 4152 adscri-

462 4181 672 4237 bendos
724 4201 858 4239 esse.
935 4185 1042 4240 Sed
1093 4190 1287 4255 aptum
1336 4188 1520 4242 locum
1572 4188 1785 4242 frustra
1826 4186 2264 4256 circumspicie83
2326 4185 2557 4254 accedit,
2617 4187 2765 4255 quod

465 4270 587 4325 illic
623 4274 809 4328 omnia
848 4278 965 4328 tam
1003 4276 1220 4329 concise
1257 4277 1443 4346 posita
1481 4280 1657 4344 sunt,'
1688 4280 1753 4329 ut
1809 4276 1917 4329 nisi
1967 4276 2340 4343 intemperata
2386 4290 2555 4328 manu
2607 4276 2766 4344 quid-

470 4374 638 4425 quam
680 4361 850 4415 inseri
888 4367 1146 4431 nequeat.
1433 4369 1440 4377 '
