3157 5028
1648 379 1720 434 46

529 549 848 632 Sophoclis
891 550 1332 615 auctoritatem
1378 569 1448 615 eo
1491 548 1781 627 valuisse,
1828 549 1901 612 ut
1923 547 2249 631 Euripides
2294 551 2506 632 postea
2554 549 2837 616 fabulam

529 671 704 717 suam
747 652 1120 718 retractaret
1163 653 1225 716 et
1265 651 1742 716 moderatiorem
1785 650 2135 716 Phaedram
2184 652 2552 734 proponeret
2576 657 2615 714 ¹.
2700 651 2841 716 Ita-

529 775 647 839 que
689 756 940 820 tantum
985 753 1179 830 abest,
1226 752 1298 815 ut
1343 770 1482 816 cum
1525 751 1853 816 Welckero
1896 752 1965 816 in
2009 750 2131 831 frg.
2177 755 2334 818 615.

827 847 1018 937 αἴσχη
1060 851 1196 935 μέν,
1245 876 1298 915 ω
1346 855 1662 934 γιναῒκες,
1710 843 1855 916 οὐδ’
1900 844 1978 914 ἂν
2024 841 2126 929 εἷς
2169 855 2365 939 φύγοι

825 954 1087 1037 βροτῶν
1131 953 1320 1031 ποθ’,
1367 937 1422 1037 ᾦ
1458 950 1568 1016 καὶ
1612 946 1782 1028 Ζευς
1828 949 2172 1041 ἐφορμήσῃ
2214 949 2410 1018 κακά·

828 1051 1063 1132 νόσους
1103 1052 1157 1116 δ’
1202 1043 1446 1136 ανάγκη
1489 1049 1609 1129 τᾶς
1654 1052 2019 1137 θεηλάτους
2062 1055 2287 1140 φέρειν

528 1158 856 1224 audaciam
911 1155 1222 1238 quandam
1279 1173 1641 1237 agnoscam,
1708 1174 1867 1238 quae
1926 1155 2291 1222 libidinibus
2354 1158 2833 1225 simulationum

525 1260 851 1325 involucra
872 1256 1353 1338 circumspiciat,
1401 1257 1474 1320 ut
1513 1257 1767 1321 tantum
1808 1257 2089 1321 animum
2120 1257 2411 1324 devotum
2451 1262 2512 1325 et
2542 1261 2829 1325 sedatum

529 1359 870 1443 significari
916 1358 1178 1439 videam,
1223 1356 1332 1438 qui
1372 1356 1540 1422 mala
1586 1357 1889 1421 divinitus
1934 1358 2214 1424 immissa
2244 1361 2557 1443 patienter
2584 1361 2830 1426 toleret.

529 1459 693 1526 Cave
736 1478 812 1523 ne
856 1458 1141 1523 altiorem
1185 1475 1431 1521 sensum
1494 1457 1590 1520 his
1641 1457 1843 1522 verbis
1898 1458 2185 1537 subicias,
2255 1478 2394 1524 cum
2454 1463 2529 1526 de
2590 1461 2831 1527 ferendi

526 1563 629 1627 via
679 1580 752 1626 ac
795 1560 1036 1624 ratione
1082 1577 1138 1623 v.
1185 1559 1224 1621 3
1272 1556 1424 1621 'nihil
1479 1556 1907 1640 significatum
1966 1558 2049 1622 sit
2112 1560 2216 1634 (cf.
2266 1559 2413 1626 Eur.
2460 1562 2605 1644 Hip.
2656 1561 2829 1637 398).

527 1662 757 1728 Eadem
825 1661 1034 1725 autem
1099 1658 1444 1740 tranquilla
1509 1658 1727 1722 iudicii
1794 1659 2114 1741 aequitate
2140 1729 2147 1734 ,
2178 1661 2475 1728 Deianira
2534 1660 2831 1726 Herculis

525 1782 796 1830 amorem
828 1760 1080 1826 excusat
1108 1757 1320 1842 (Soph.
1351 1758 1573 1822 Trach.
1605 1759 1726 1823 441
1763 1757 1905 1840 sq.).
1980 1759 2078 1823 Ad
2124 1779 2432 1828 summam
2477 1763 2675 1845 igitur
2718 1781 2830 1826 ne-

525 1885 674 1949 gare
731 1863 930 1928 ausim
984 1860 1343 1942 Sophoclem
1398 1861 1599 1941 ipsam
1645 1859 1886 1923 foedam
1955 1861 2185 1924 amoris
2250 1863 2690 1928 confessionem
2757 1862 2829 1926 in

525 1983 811 2030 scaenam
857 1961 1194 2027 admisisse.
1262 1959 1385 2024 Hic
1430 1960 1636 2042 potius
1681 1962 1900 2024 auctor
1945 1961 2096 2039 erat,
2143 1979 2327 2043 quem
2360 1963 2683 2045 Euripides
2729 1964 2828 2028 fa-

525 2067 738 2131 bulam
783 2064 1130 2128 retractans
1174 2061 1348 2144 sequi
1386 2060 1612 2142 posset,
1679 2059 1826 2124 licet
1869 2061 1935 2124 in
1993 2061 2133 2126 aliis
2195 2063 2377 2128 rebus
2425 2063 2687 2127 invicem
2743 2061 2827 2127 ad

524 2166 790 2250 priorem
833 2163 1062 2227 aemuli
1093 2161 1369 2226 fabulam
1416 2180 1480 2226 se
1508 2160 1907 2243 applicuerit3
1953 2181 2094 2227 nam
2122 2159 2421 2230 Theseum
2456 2163 2823 2246 Sophoclem

527 2285 769 2350 quoque
825 2265 904 2329 ab
957 2262 1170 2327 inferis
1229 2261 1589 2326 redeuntem
1630 2261 1877 2326 finxisse
1931 2262 2050 2345 frg.
2097 2264 2221 2328 620
2275 2265 2519 2346 probat,
2584 2265 2655 2327 ut
2699 2265 2824 2328 Leo

523 2363 974 2432 demonstravit
991 2365 1035 2426 ².
1113 2362 1346 2426 Theseo
1390 2361 1589 2426 filium
1638 2362 1999 2427 criminanti
2044 2358 2270 2445 siquis
2315 2382 2456 2428 cum
2500 2363 2824 2428 Welckero

522 2468 640 2549 frg.
687 2468 809 2533 618
852 2464 1161 2543 tribuerit,
1207 2481 1328 2527 non
1362 2478 1610 2546 prorsus
1642 2462 1945 2545 refrager3
1993 2462 2313 2547 eidemque
2357 2464 2666 2548 assignari
2711 2483 2825 2547 po-

521 2568 646 2632 test
690 2568 806 2649 frg.
853 2568 972 2630 inc.
1011 2566 1152 2629 810.
1225 2564 1505 2648 Reliquis
1550 2565 1760 2629 autem
1806 2564 2177 2647 fragmentis
2222 2565 2300 2629 ad
2346 2565 2521 2631 filum
2570 2565 2823 2633 fabulae

521 2665 956 2751 pertexendum
1000 2664 1178 2731 abuti
1221 2664 1418 2748 poetis
1462 2664 1666 2741 liceat,
1713 2664 1915 2728 critici
1958 2664 2059 2729 hic
2104 2665 2465 2730 consistant.

721 2768 889 2831 Hinc
932 2766 1220 2831 converto
1266 2785 1364 2831 me
1402 2766 1482 2830 ad
1509 2765 1723 2831 breves
1756 2766 2005 2829 nostrae
2034 2764 2285 2830 fabulae
2316 2766 2819 2833 narratiunculas

518 2865 978 2945 examinandas,
1024 2885 1170 2931 num
1213 2867 1280 2931 in
1323 2867 1400 2931 iis
1446 2868 1657 2931 forsan
1701 2864 2019 2948 Euripidis
2065 2866 2331 2949 vestigia
2377 2866 2633 2931 lateant.
2696 2868 2819 2932 As-

519 2967 820 3049 clepiades
851 2968 1079 3042 autem,
1126 2966 1233 3048 qui
1267 2985 1452 3031 causa
1480 2966 1805 3049 incognita
1836 2966 2017 3030 modo
2060 2966 2393 3031 damnatus
2435 2969 2545 3045 est,
2593 2987 2818 3050 agmen

517 3067 726 3145 ducat,
772 3084 846 3131 ne
889 3066 1156 3147 amplius
1188 3066 1423 3130 malum
1455 3066 1698 3131 excitet.
1778 3066 1894 3130 Ille
1925 3058 2123 3147 igitur
2154 3066 2230 3131 de
2258 3066 2578 3133 Phaedrae
2608 3087 2818 3133 amore

517 3168 683 3233 ita³2
733 3164 984 3249 Φαίδρα
1014 3164 1086 3230 δὲ
1128 3164 1453 3247 ἐρωτικῶς
1483 3164 1870 3230 διατεθεῖσα
1899 3166 2019 3229 τοῦ
2042 3165 2459 3244 Ἱππολύτου,
2502 3166 2819 3254 σφοδρῶς

519 3266 622 3332 ἐπ’
669 3260 852 3353 αύτῷ
882 3266 1196 3351 τηκομένη
1239 3261 1315 3331 τὸ
1361 3265 1480 3348 μὲν
1523 3268 1793 3347 πρῶτον
1836 3260 2017 3350 ἱερὸν
2058 3256 2459 3354 Ἀφροδίτης
2503 3266 2570 3332 ἐν
2608 3264 2815 3353 Ἀθή-

516 3392 654 3447 ναις
709 3360 1017 3451 ἱδρύσατο
1070 3361 1148 3431 τὸ
1207 3366 1320 3431 νῦν
1368 3360 1822 3431 Ἱππολύτειον
1875 3366 2309 3450 καλούμενον,
2390 3387 2549 3451 quae
2608 3370 2816 3434 minus

719 3530 738 3561 ¹
775 3528 1114 3599 Sophocleae
1159 3528 1384 3582 fabulae
1430 3529 1759 3583 memoriam
1808 3529 1922 3582 iam
1973 3533 2096 3582 tum
2141 3529 2311 3599 vulgo
2365 3530 2590 3597 quidem
2647 3529 2813 3583 oblit-

514 3621 754 3671 teratam
788 3617 958 3671 fuisse
995 3635 1109 3671 non
1143 3635 1304 3687 nego,
1379 3618 1459 3671 At
1496 3618 1687 3687 agitur
1725 3617 1795 3671 de
1842 3617 2051 3671 comico
2101 3617 2225 3671 viro
2270 3618 2683 3685 quodammodo
2718 3618 2814 3673 lit-

512 3709 715 3759 terato.
760 3735 819 3743 —
861 3704 1121 3759 Welcker
1158 3711 1347 3759 autem
1386 3708 1455 3775 (p.
1480 3707 1585 3759 743
1608 3706 1715 3775 sq.)
1753 3722 2010 3775 perverse
2048 3706 2129 3759 ita
2166 3711 2613 3776 argumentatur,
2653 3707 2813 3775 quasi

515 3791 802 3862 Sophoclis
840 3798 1106 3861 proterva
1144 3793 1628 3862 immoderataque
1654 3792 1911 3847 Phaedra
1943 3792 2164 3864 fulgore
2190 3793 2466 3848 claritatis
2492 3814 2623 3850 suae
2647 3794 2812 3849 Euri-

512 3879 660 3949 pidis
695 3880 942 3948 priorem
968 3879 1278 3935 Phaedram
1317 3880 1602 3935 oblivione
1626 3880 1765 3935 adeo
1802 3881 2073 3948 obruerit,
2113 3885 2178 3935 ut
2202 3881 2299 3936 ille
2324 3882 2437 3938 iam
2460 3884 2811 3937 moderatam

513 3967 838 4035 animosque
875 3968 1234 4023 miseratione
1269 3974 1587 4024 moventem
1629 3968 1943 4023 Phaedram
1982 3968 2237 4040 fingeret.

713 4057 736 4089 ²
770 4055 836 4109 L.
875 4055 910 4108 1.
950 4073 1005 4124 p.
1048 4057 1175 4125 179;
1213 4056 1285 4111 cf.
1326 4057 1700 4111 Wilamowitz
1737 4057 1927 4111 Herm.
1966 4057 2066 4112 XV
2104 4075 2160 4127 p.
2199 4060 2305 4113 483
2343 4060 2445 4129 (3).

716 4141 738 4172 ⁸
774 4142 950 4198 Schol.
1001 4143 1163 4197 Hom.
1213 4147 1260 4196 λ.
1299 4147 1424 4199 321.
1506 4145 1714 4199 Miiller
1752 4144 1814 4198 F.
1852 4145 1920 4198 H.
1960 4145 2022 4199 G.
2064 4146 2143 4198 111
2200 4163 2257 4215 p.
2297 4149 2418 4200 305.
2503 4148 2807 4202 Brevitatis
2896 4214 2907 4220 ·

509 4247 675 4285 causa
710 4231 1056 4299 Asclepiadis
1093 4249 1294 4286 nomen
1332 4234 1565 4295 retine0,
1629 4248 1950 4301 quanquam
1986 4233 2100 4287 scio
2157 4234 2244 4287 his
2302 4235 2808 4304 subscriptionibus

505 4321 720 4373 nullam
758 4318 927 4377 fidem
970 4319 1286 4375 habendam
1333 4339 1476 4391 esse3
1534 4322 1607 4376 cf.
1647 4320 1929 4376 Schwartz
1969 4322 2040 4376 de
2077 4321 2248 4376 schol.
2286 4322 2449 4377 Hom.
2488 4341 2543 4393 p.
2581 4325 2687 4375 444
2724 4338 2806 4391 sq.

509 4410 616 4464 452
653 4425 734 4477 sq.
