3157 5028
1425 377 1496 429 29

311 549 495 614 dram
523 548 858 612 ostendunt
900 549 964 612 in
1019 547 1170 612 sella
1213 546 1523 630 languide
1554 547 1887 630 sedentem,
1934 548 2011 612 ab
2054 547 2300 612 ancillis
2346 547 2611 612 circum-

310 651 550 723 datam,
619 649 680 713 et
725 648 955 714 Seneca
1021 648 1264 730 copiose
1317 648 1608 732 depingit
1656 649 1905 714 Amoris
1950 648 2180 713 aculeis
2225 648 2502 714 sauciam
2549 649 2611 712 et

309 753 528 818 morbo
593 750 1032 834 tabescentem,
1100 749 1274 814 cuius
1341 768 1482 813 cum
1540 749 1875 831 Euripidea
1926 751 2283 814 ‘retractata
2325 748 2612 814 Phaedra

309 853 754 918 similitudines
809 850 1118 933 congessit
1166 851 1284 914 Leo
1332 850 1400 930 (l.
1445 851 1486 915 l.
1533 871 1591 933 p.
1641 851 1810 935 178).
1900 851 2019 916 Sed
2064 869 2201 916 cum
2258 850 2443 934 poeta
2482 851 2609 914 Ro-

313 973 538 1018 manus
583 952 912 1035 permulta,
981 970 1139 1034 quae
1187 971 1226 1016 a
1275 949 1512 1016 Graeco
1571 951 1817 1034 tragico
1882 951 2085 1016 aliena
2150 951 2295 1031 sint,
2373 951 2609 1016 immis-

315 1055 535 1132 cuerit,
595 1053 897 1118 iudicium
947 1053 1185 1131 sistam,
1244 1052 1439 1117 donec
1483 1052 1737 1117 aliunde
1779 1053 1876 1117 his
1923 1053 2101 1120 rebus
2138 1052 2245 1116 lux
2286 1051 2611 1118 affulserit.

313 1154 581 1220 Diremit
611 1155 817 1219 autern
852 1153 1174 1220 Phaedrae
1219 1152 1604 1236 aegrotantis
1646 1153 2116 1235 descriptionem
2163 1152 2380 1235 pingui
2422 1171 2613 1218 manu

315 1257 382 1320 in
427 1257 582 1320 duas
619 1257 826 1340 partes
867 1275 924 1320 V.
973 1256 1053 1318 85
1101 1274 1192 1338 sq.
1240 1257 1301 1320 et
1350 1275 1408 1318 v.
1455 1255 1819 1329 358—405;
1880 1254 2014 1318 illic
2055 1254 2208 1324 bene
2252 1253 2477 1336 posuit,
2509 1253 2609 1317 hic

309 1357 476 1423 male
535 1357 600 1424 et.
641 1357 937 1439 Euripide
981 1358 1142 1423 certe
1203 1375 1326 1421 non
1385 1357 1715 1431 invitante,
1788 1358 1855 1420 ut
1901 1357 2019 1421 Leo
2062 1357 2191 1422 iam
2236 1354 2609 1420 observavit.

311 1459 564 1523 Novum
608 1459 761 1523 mihi
803 1457 920 1522 hoc
963 1458 1352 1524 adventiciae
1397 1458 1552 1523 artis
1595 1456 1897 1523 indicium
1943 1458 2054 1522 est.
2115 1456 2346 1522 Seneca
2390 1457 2609 1521 statim

312 1560 588 1625 adnectit
629 1560 840 1624 Lunae
881 1558 1339 1625 invocationem
1383 1578 1440 1623 v.
1485 1559 1611 1622 406
1656 1577 1767 1640 sq.,
1813 1577 2001 1640 quam
2045 1557 2110 1621 in
2137 1559 2360 1624 Velato
2403 1558 2612 1622 locum

311 1661 602 1726 habuisse
645 1674 832 1742 supra
879 1661 1094 1726 notavi
1163 1659 1269 1741 (cf.
1315 1658 1519 1724 Schol.
1570 1659 1877 1724 Theocrit.
1935 1659 2013 1724 II.
2064 1658 2191 1743 10),
2259 1661 2447 1742 atque
2508 1658 2609 1724 hic
2730 1673 2737 1683 ’

273 1761 550 1845 ιΡΙειίΙίηἚι.
624 1761 883 1844 proferri
962 1760 1318 1842 potuerunt.
1447 1758 1648 1839 Quam
1728 1758 1979 1842 quidem
2050 1770 2341 1824 scaenam
2408 1759 2607 1825 latam

311 1861 503 1928 fuisse
583 1862 748 1928 haud
820 1863 1059 1944 opiner;
1152 1861 1651 1944 quandoquidem
1733 1861 2003 1942 optimus
2084 1860 2343 1944 quisque
2428 1861 2609 1942 poeta

315 1963 502 2028 huius
545 1964 788 2045 generis
847 1962 1212 2027 ornamenta
1273 1960 1354 2026 ad
1418 1979 1617 2026 mores
1662 1961 2078 2044 depingendos
2121 1962 2371 2026 tantum
2419 1961 2609 2044 perti-

313 2064 552 2142 nentia,
620 2083 778 2146 quae
839 2063 1148 2130 actionem
1214 2063 1420 2144 potius
1465 2062 1792 2128 retardant
1840 2080 2028 2144 quam
2072 2061 2441 2141 accelerant,
2486 2081 2609 2126 non

312 2163 495 2248 larga
540 2183 730 2230 manu
771 2182 1062 2246 spargere
1097 2163 1270 2227 solet.
1347 2162 1632 2227 Welcker
1676 2164 1884 2226 autem
1930 2162 2163 2228 erravit
2205 2163 2441 2245 primae
2470 2164 2609 2246 post

312 2265 641 2348 prologum
708 2283 964 2330 scaenae
1007 2264 1358 2329 Phaedram
1419 2263 1766 2329 insomnem
1824 2264 2199 2350 surgentem,
2243 2265 2425 2328 nocte
2468 2282 2607 2328 eva-

313 2368 590 2450 gantem,
656 2385 834 2432 sacra
899 2365 1146 2448 magica
1218 2365 1651 2430 instituentem
1726 2365 2053 2446 assignans
2110 2365 2267 2444 (1.1.
2330 2384 2388 2446 p.
2440 2363 2605 2442 737).

314 2466 496 2532 Talia
539 2467 711 2532 brevi
755 2466 962 2550 antea,
1009 2483 1196 2548 quam
1239 2465 1368 2547 ipse
1413 2466 1623 2529 castus
1666 2464 1907 2530 iuvenis
1938 2463 2401 2546 compellandus
2432 2464 2609 2545 esset,

313 2568 619 2634 collocata
685 2587 836 2650 esse,
899 2567 1063 2651 quod
1130 2586 1236 2649 per
1299 2585 1361 2631 se
1422 2566 1943 2643 verisimillimum
1992 2566 2103 2649 est,
2164 2564 2395 2631 Seneca
2442 2564 2608 2630 ultro

310 2671 535 2752 probat
585 2671 700 2736 hoc
741 2669 876 2735 loco
921 2670 1130 2735 Lunae
1169 2670 1626 2735 invocationem
1678 2669 1983 2734 exhibens.
2064 2667 2261 2746 Adde,
2307 2666 2470 2749 quod
2501 2666 2609 2731 de·-

310 2773 731 2837 monstratum
795 2772 907 2850 est,
975 2774 1219 2853 poetam
1279 2770 1544 2835 actionis
1604 2788 2091 2851 scaenarumque
2153 2769 2478 2833 decursum
2542 2768 2608 2832 in

313 2873 590 2938 correcta
634 2872 905 2938 editione
949 2891 1073 2937 non
1121 2873 1457 2937 admodum
1505 2872 1797 2937 mutasse.

515 2974 888 3056 Argumenti
931 2976 1140 3039 autem
1207 2975 1432 3039 natura
1498 2974 1637 3052 fert,
1708 2975 1779 3037 ut
1836 2992 2094 3055 sequens
2138 2970 2346 3037 Velati
2388 2987 2611 3035 scaena

311 3075 618 3140 nutricem
689 3074 899 3158 aliquo
963 3075 1146 3140 modo
1192 3075 1603 3159 Hippolytum
1650 3076 1983 3140 adeuntem
2026 3071 2397 3147 ostenderit;
2445 3069 2608 3153 quod

312 3175 905 3257 repraesentationes
971 3176 1175 3258 lapide
1219 3175 1464 3241 effictae
1510 3194 1634 3240 non
1680 3175 1885 3239 minus
1929 3175 2238 3240 evincunt.
2326 3173 2491 3239 Nam
2538 3174 2610 3235 ut

311 3276 520 3359 capita
581 3278 1144 3359 argumentationis
1205 3278 1320 3341 hoc
1362 3277 1499 3342 loco
1546 3277 1757 3359 paucis
1804 3276 2347 3357 comprehendam:
2400 3292 2611 3340 sarco-

312 3377 660 3460 phagorum
705 3378 1045 3460 sculptores
1090 3377 1406 3459 Euripidis
1449 3377 1715 3461 vestigia
1759 3376 2001 3459 legisse,
2047 3378 2221 3441 cuius
2264 3376 2609 3441 auctoritas

310 3478 376 3541 in
420 3478 696 3562 imagine
745 3478 1065 3544 Phaedrae
1108 3479 1187 3545 ab
1231 3479 1478 3543 ancillis
1521 3478 1943 3543 circumdatae
1984 3478 2117 3543 sine
2169 3477 2354 3541 dubio
2416 3494 2611 3557 appa-

312 3580 426 3659 ret,
500 3581 634 3645 tam
700 3581 920 3644 notum
985 3580 1096 3663 est,
1155 3582 1227 3643 ut
1297 3580 1617 3663 amplioris
1683 3578 2067 3662 probationis
2122 3597 2244 3642 non
2304 3576 2605 3658 indigeat.

312 3680 470 3761 Iam,
539 3699 683 3745 cum
744 3680 811 3744 in
877 3680 1196 3747 nonnullis
1258 3680 1929 3763 repraesentationibus
1992 3680 2203 3743 nutrix
2263 3676 2604 3759 Hippolyto

313 3782 644 3862 epistulam
691 3780 932 3859 reddat,
979 3780 1087 3864 qui
1127 3800 1340 3845 sensus
1384 3800 1454 3846 ex
1499 3781 1595 3845 his
1640 3779 1779 3845 elici
1823 3780 2028 3863 potest
2074 3778 2193 3842 nisi
2232 3777 2361 3842 hic:
2409 3776 2611 3841 Phae-

311 3882 488 3946 dram
534 3900 746 3946 amore
788 3882 1216 3964 aegrotantem
1262 3882 1565 3946 nutricem
1614 3881 1692 3946 ad
1737 3880 2095 3963 privignum
2138 3880 2419 3944 misisse?
2445 3875 2606 3958 Quid

313 3982 474 4063 quod
519 3985 586 4047 in
632 3983 948 4047 nonnullis
991 3983 1410 4048 monumentis
1442 3982 1729 4047 Phaedra
1753 3983 1815 4046 et
1838 3982 2217 4065 Hippolytus
2244 3982 2375 4045 tam
2406 3996 2610 4061 presse

312 4084 602 4149 collocati
641 4086 806 4163 sunt,
851 4088 924 4149 ut
965 4085 1128 4150 inter
1170 4104 1234 4149 se
1277 4085 1450 4168 loqui
1494 4085 1827 4149 videantur
1865 4083 2283 4168 intercedente
2328 4080 2610 4144 nutrice?

313 4184 483 4265 Quae
527 4188 738 4252 omnia
782 4188 992 4269 aperte
1035 4188 1320 4269 pugnant
1366 4205 1505 4251 cum
1555 4186 1901 4251 Coroniferi
1946 4185 2336 4268 argumento.
2428 4181 2608 4245 Desi-

312 4304 532 4351 namus
570 4287 769 4370 igitur
794 4288 862 4351 in
889 4288 1289 4371 sarcophagis
1317 4288 1801 4369 interpretandis
1833 4306 1941 4352 nos
1975 4288 2097 4352 huc
2126 4286 2279 4351 illuc
2301 4286 2605 4363 torquere,

314 4404 451 4451 cum
481 4387 826 4454 difficultas
849 4388 1207 4471 expediatur
1234 4390 1673 4473 argumentum
1706 4388 1927 4471 prioris
1950 4386 2277 4472 Hippolyti
2301 4384 2379 4449 ad
2402 4382 2607 4465 partes
