3157 5028
1572 354 1647 409 84

462 525 611 611 quia
651 526 762 592 alii
806 544 1014 592 rosam
1041 545 1112 592 ex
1139 526 1444 592 Adonidis
1489 545 1707 591 cruore
1752 524 2135 609 germinasse
2178 520 2527 590 referebant
2551 528 2591 589 ¹.
2648 523 2769 588 At-

464 646 582 710 que
625 627 792 711 quod
821 627 1128 693 Antonini
1171 628 1485 694 auctorem
1531 627 1633 691 hic
1676 625 1809 691 illic
1854 625 1933 690 ab
1977 625 2119 690 aliis
2164 625 2485 690 deflectere
2528 643 2763 708 cogno-

461 728 685 808 vimus,
751 729 882 794 tam
938 729 1217 811 impensa
1274 727 1562 793 variandi
1611 725 1823 810 libido,
1882 725 1936 790 si
1993 726 2143 808 quid
2199 724 2397 805 video,
2463 723 2769 791 Nicandri

459 831 712 914 ingenio
755 828 1103 913 respondet,
1158 828 1306 894 licet
1349 827 1687 893 Schneider
1729 828 1891 892 hanc
1937 827 2364 910 quaestionem
2408 825 2767 909 neglexerit.

464 931 584 998 Sed
637 950 852 997 verum
909 932 1002 995 est
1067 930 1458 995 coniecturae
1510 930 1762 995 nostrae
1815 928 1997 993 fidem
2054 928 2133 994 ab
2188 928 2403 1010 aliqua
2459 927 2635 1009 parte
2694 944 2767 991 eo

463 1033 715 1111 elevari,
782 1031 965 1116 quod,
1029 1031 1101 1094 ut
1143 1030 1251 1094 ille
1309 1028 1759 1095 animadvertit
1810 1028 1895 1111 (p.
1942 1028 2073 1112 69),
2142 1027 2443 1093 Antonini
2501 1027 2769 1109 epitome

464 1134 730 1198 mortem
773 1130 1080 1198 Adonidis
1123 1131 1376 1213 eiusque
1428 1131 1496 1195 in
1541 1148 1883 1196 anemonen
1938 1148 2301 1195 conversum
2359 1145 2639 1193 cruorem
2690 1145 2769 1193 ne

466 1236 650 1301 verbo
717 1233 965 1318 quidem
1029 1232 1243 1314 tangit
1257 1235 1298 1298 ².
1357 1266 1442 1278 —-
1505 1231 1731 1297 Restat
1775 1230 2133 1296 Theodorus
2188 1230 2767 1313 Metamorphoseon

463 1337 701 1414 auctor,
769 1333 875 1417 qui
935 1332 1234 1399 laudatur
1295 1353 1332 1398 a
1391 1332 1733 1398 Plutarcho
1798 1333 1863 1397 in
1928 1331 2260 1398 Parallelis
2323 1332 2574 1415 eiusque
2638 1330 2769 1413 epi-

401 1435 406 1440 ’
461 1437 770 1502 tomatorc
814 1434 1098 1514 Stobae0,
1156 1435 1439 1512 testibuS,
1492 1433 1755 1517 inquieS‚
1825 1434 2007 1500 valde
2064 1433 2418 1516 suspiciosis
2434 1436 2479 1497 ⁸.
2566 1431 2768 1514 Atqui

465 1535 856 1602 Theodorum
931 1535 1241 1618 quendam
1311 1535 1438 1599 tale
1510 1539 1666 1616 opus
1728 1533 2143 1617 composuisse
2204 1533 2433 1599 diserte
2496 1533 2769 1598 testatur

463 1637 705 1701 Probus
759 1635 1043 1702 indicans
1088 1635 1380 1702 Ovidium
1439 1635 1504 1698 in
1564 1634 1765 1701 altera
1818 1635 2033 1701 fabula
2089 1635 2164 1700 de
2207 1635 2486 1718 Alcyone
2530 1634 2767 1700 Nican-

463 1738 664 1817 drum,
707 1737 775 1801 in
805 1737 1004 1803 altera
1035 1736 1426 1803 Theodorum
1471 1738 1751 1802 secutum
1798 1755 1926 1802 esse
1940 1738 1983 1801 ⁴.
2044 1737 2267 1819 Itaque
2306 1736 2361 1800 si
2388 1734 2765 1802 Plutarchus

463 1839 718 1904 maioris
762 1838 908 1903 fidei
951 1838 1169 1905 auctor
1211 1839 1389 1915 esset,
1458 1838 1850 1903 Theodorum
1897 1839 2140 1920 praeter
2183 1837 2419 1903 ceteros
2460 1837 2764 1914 auctoreS,

461 1941 627 2006 inter
693 1957 846 2023 quos
901 1939 1219 2006 Nicandro
1285 1940 1548 2005 fortasse
1610 1940 1995 2022 principatus
2056 1939 2317 2019 dandus,
2382 1939 2621 2004 Nasoni
2685 1937 2769 2004 ad

463 2062 719 2108 manum
762 2042 952 2107 fuisse
995 2041 1297 2123 suspicari
1340 2041 1564 2106 merito
1613 2041 1813 2120 licuit,
1878 2059 2022 2106 cum
2066 2041 2195 2106 eius
2240 2039 2519 2106 narratio
2564 2040 2630 2104 in
2672 2059 2765 2104 re-

669 2265 689 2296 ¹
729 2264 811 2319 Cf.
849 2261 1010 2317 Bion.
1050 2262 1094 2325 I,
1132 2263 1230 2316 66:
1275 2256 1416 2333 αἷμα
1455 2256 1630 2334 ῥόδον
1665 2265 1847 2331 τίκτει,
1882 2258 1947 2315 τὰ
1986 2262 2049 2316 δὲ
2091 2257 2300 2330 δάκρυα
2335 2258 2439 2316 τὰν
2455 2254 2764 2333 ἀνεμῶναν.

463 2349 794 2406 Philostrat.
831 2369 917 2421 ep.
959 2353 987 2404 1
1028 2368 1082 2420 p.
1123 2353 1228 2404 343
1265 2351 1335 2404 Κ.
1406 2350 1643 2420 Procop.
1680 2349 1849 2420 Soph.
1888 2369 1975 2421 ep.
2013 2351 2148 2405 VIII
2186 2368 2240 2420 p.
2280 2351 2385 2404 535
2422 2350 2493 2404 H.

671 2441 693 2472 ²
731 2439 1134 2495 Callimachum
1155 2438 1353 2493 Ovidio
1373 2439 1649 2493 Adonidis
1678 2439 1929 2495 fabulam
1950 2440 2202 2496 cantanti
2222 2440 2281 2494 in
2297 2443 2568 2509 promptu
2594 2436 2766 2491 fuisse

464 2528 683 2584 incerta
721 2534 805 2584 est
840 2529 1081 2584 Rauchii
1121 2530 1443 2585 coniectura
1481 2529 1541 2596 (1.
1581 2529 1617 2583 1.
1657 2547 1711 2599 p.
1752 2529 1857 2599 ⁷3).

669 2618 691 2651 ⁸
727 2617 1065 2674 Historiolas
1101 2618 1398 2687 parallelas
1421 2618 1711 2673 Romanas
1748 2619 1819 2674 ab
1856 2619 1978 2689 ipso
2007 2619 2312 2674 Plutarcho
2352 2618 2425 2673 ad
2452 2616 2769 2685 exemplum

465 2710 731 2761 notarum
767 2707 973 2776 prioris
1013 2708 1226 2762 ordinis
1265 2706 1585 2761 fabularum
1624 2706 1889 2763 confictas
1928 2725 2047 2763 esse
2070 2710 2241 2779 vulgo
2269 2706 2629 2763 contendunt.
2689 2705 2771 2757 At

465 2793 524 2847 in
561 2798 754 2848 nostra
791 2794 1128 2862 mirandum,
1179 2795 1327 2848 unde
1365 2794 1633 2849 falsarius
1670 2795 1952 2865 peculiare
1990 2794 2461 2849 additamentum:
2520 2796 2771 2852 οἰνωθεὶς

463 2880 494 2935 ὁ
533 2880 710 2952 πατὴρ
746 2874 856 2956 ᾔτει
893 2882 1014 2954 φῶς
1050 2885 1160 2935 κτλ.
1199 2880 1486 2952 conflarit:
1526 2883 1635 2937 nisi
1673 2900 1741 2937 ex
1777 2882 1999 2937 diverso
2036 2886 2281 2950 auctore,
2339 2882 2386 2935 si
2428 2880 2767 2949 memineriS,

467 2986 610 3038 quae
645 2986 815 3039 supra
852 2969 922 3023 de
959 2968 1250 3024 ebrietatis
1273 2968 1543 3040 figmento
1570 2970 1937 3040 explanarim.
2015 2971 2275 3025 Ceterum
2315 2970 2467 3039 quod
2504 2970 2771 3023 laudatur

463 3059 524 3112 in
561 3056 671 3111 fine
708 3056 1004 3126 Aristides,
1052 3058 1238 3111 nescio
1277 3074 1350 3111 an
1393 3058 1512 3112 eius
1549 3058 1855 3113 auctoritas
1906 3058 2039 3113 huic
2076 3058 2301 3113 fabulae
2338 3058 2631 3128 aptissima
2667 3058 2769 3127 sit3

465 3165 596 3203 nam
643 3146 845 3201 Ovidio
901 3148 1130 3199 auctore
1171 3143 1360 3211 (Trist.
1398 3145 1470 3207 11,
1508 3147 1636 3213 413)
1692 3143 1907 3200 ‘iunxit
1943 3145 2223 3202 Aristides
2261 3147 2483 3201 Milesia
2532 3146 2769 3201 crimina

465 3232 702 3289 sexum’.
775 3234 989 3305 Opinor
1032 3232 1210 3303 igitur
1256 3233 1317 3287 in
1362 3233 1464 3289 illa
1509 3234 1799 3291 Plutarchi
1850 3234 2137 3305 farragine
2186 3252 2300 3290 non
2345 3236 2533 3293 omnia
2580 3234 2767 3289 subdi-

466 3323 602 3377 ticia
639 3340 772 3379 esse.
2508 3352 2513 3357 ·

670 3416 692 3446 ⁴
727 3412 819 3466 Ad
839 3411 1006 3482 Verg.
1046 3411 1248 3482 Georg.
1285 3412 1331 3480 1,
1379 3411 1484 3465 399
1519 3430 1573 3482 p.
1613 3414 1683 3465 44
1719 3412 1791 3466 K.
1862 3411 2165 3467 Schneider
2198 3412 2321 3467 Nic.
2358 3413 2467 3484 frg.
2491 3414 2561 3465 64
2599 3431 2651 3482 p.
2672 3412 2769 3481 683

467 3501 536 3556 cf.
574 3501 808 3556 Knaack
845 3502 878 3555 1.
918 3501 954 3554 1.
991 3518 1046 3570 p.
1086 3502 1170 3555 54.
1229 3530 1298 3541 -
1354 3499 1578 3555 Servius
1626 3501 1699 3555 ad
1745 3502 1983 3556 eundem
2018 3500 2256 3573 Vergilii
2304 3503 2485 3557 locum
2533 3502 2769 3555 alt-eram

467 3589 719 3645 fabulam
755 3590 824 3645 de
866 3590 1039 3658 Ceyce
1073 3589 1322 3645 Luciferi
1370 3589 1489 3643 filio
1533 3589 1763 3659 eiusque
1812 3608 1987 3645 uxore
2033 3590 2317 3660 proponit,
2376 3607 2547 3659 quam
2582 3589 2655 3644 ad
2691 3587 2768 3643 al·

465 3680 652 3730 terum
689 3681 880 3732 utrum
914 3682 1200 3733 auctorem
1221 3708 1288 3718 -
1310 3676 1441 3733 narn
1478 3679 1548 3733 de
1586 3679 1782 3733 ordine
1819 3679 2127 3751 ambigitur
2164 3679 2251 3747 (cf.
2280 3678 2536 3733 Schneid.
2562 3677 2771 3746 1.1.)--

467 3782 673 3835 magna
710 3784 836 3822 cum
871 3767 1274 3836 probabilitate
1307 3768 1613 3823 revocabis.
1686 3769 1884 3824 Paullo
1922 3769 2201 3839 copiosior
2236 3768 2417 3824 Servii
2441 3768 2512 3822 de
2537 3765 2769 3835 Myrrha

465 3856 718 3910 narratio
755 3856 944 3927 (Verg.
976 3857 1108 3913 Buc.
1134 3857 1205 3927 X,
1233 3857 1344 3927 18),
1383 3874 1508 3913 611111
1547 3876 1659 3927 qua
1695 3858 2029 3914 Ovidianam
2067 3860 2420 3928 aliquatenus
2458 3855 2771 3911 consentire

469 3944 717 4013 exposui,
757 3946 1054 4014 quominus
1076 3946 1360 4001 Nicandro
1386 3947 1722 4016 vindicetur,
1762 3947 2161 4017 obstat,relata
2197 3949 2258 4002 in
2291 3964 2475 4002 rosam
2494 3942 2771 3999 Adonidis

468 4034 851 4088 commutatio.
923 4034 1118 4103 Neque
1163 4036 1421 4105 equidem
1459 4035 1739 4089 Theodori
1795 4038 2193 4092 auctoritatem
2238 4036 2513 4106 spondere
2572 4032 2771 4095 audeo,

468 4120 600 4190 quia
639 4120 909 4177 Stobaeus
946 4124 1191 4192 puellam
1225 4123 1287 4177 'in
1327 4123 1464 4194 fuga
1499 4124 1842 4192 deprehendi
1882 4124 2083 4194 refert3
2126 4126 2195 4179 de
2233 4142 2345 4194 qua
2389 4141 2451 4179 re
2489 4123 2549 4176 in
2586 4117 2767 4175 Servii

469 4211 868 4264 commentario
915 4212 1057 4265 nihil
1105 4212 1330 4283 legitur.
1387 4241 1458 4251 —-
1513 4212 1747 4267 Knaack
1790 4216 1977 4267 autem
2016 4213 2124 4267 sibi
2162 4213 2441 4284 persuasit
2477 4229 2580 4282 per
2622 4226 2769 4265 com-

469 4298 809 4353 mentarium
834 4298 1164 4354 Servianum
1205 4300 1514 4369 dispersam
1557 4317 1675 4355 6666
1710 4301 2273 4371 transfigurationum
2310 4301 2693 4357 collectionem
2736 4314 2770 4351 a

471 4384 594 4439 viro
633 4386 800 4441 docto
839 4386 1050 4442 Graeco
1088 4388 1400 4443 confectam
1437 4388 1497 4458 (1.
1537 4388 1576 4442 1.
1612 4405 1668 4457 p.
1708 4392 1742 4443 8
1776 4389 1889 4459 (10)
1927 4389 1998 4445 cf.
2033 4407 2089 4459 p.
2130 4390 2237 4461 41).
