3157 5028
1485 349 1558 401 59

358 511 534 604 λόγῳ
581 518 688 584 καὶ
730 523 1082 604 καταρᾶται
1128 523 1245 586 τοῦ
1298 514 1543 598 παιδὸς
1596 514 1679 584 τὰ
1737 513 2055 603 ὁρώμενα.
2144 520 2418 585 Attende
2482 517 2662 584 modo

358 618 656 684 Ovidium
700 622 910 695 eadem
961 623 1204 688 ratione
1246 642 1376 687 rem
1421 622 1758 700 absolvere,
1829 623 1900 685 ut
1944 640 1981 686 a
2026 619 2185 685 falsa
2230 619 2665 684 criminatione

353 719 620 803 incipiat
685 741 744 788 v,
808 724 932 787 500
991 724 1053 788 et
1119 725 1347 789 amoris
1403 722 2055 788 commemorationem
2109 721 2408 786 sermonis
2464 719 2665 785 conti-

355 821 644 886 nuationi
709 822 978 888 mediam
1048 822 1296 889 demum
1323 863 1334 872 -
1363 823 1740 906 interponat.
1832 822 2087 886 Accedit
2149 821 2430 903 denique,
2498 818 2663 903 quod

356 921 740 1006 Hippolytus
782 924 912 1006 ipse
955 924 1090 990 fata
1135 943 1247 989 sua
1292 943 1555 991 narrans
1600 923 1947 988 inducitur:
2015 923 2130 987 hae
2178 920 2512 987 Battiadae
2556 921 2663 984 de-

353 1023 558 1088 liciae.
1898 1085 1903 1090 .

561 1124 732 1190 Num
777 1126 928 1191 haec
972 1127 1182 1192 omnia
1230 1125 1404 1208 parvi
1453 1125 1767 1191 existimas
1812 1125 1893 1190 ad
1924 1122 2415 1190 confirmandam
2460 1141 2664 1188 meam

359 1224 820 1290 conclusionem
852 1225 1145 1292 Ovidium
1179 1225 1562 1292 Callimacho
1596 1245 1659 1291 se
1689 1226 2107 1304 adstrinxisse,
2150 1225 2230 1290 ad
2260 1224 2433 1290 cuius
2464 1243 2665 1288 exem-

357 1324 496 1407 plar
537 1325 746 1391 aetion
789 1327 949 1392 illud
991 1328 1162 1392 ultro
1207 1347 1318 1392 nos
1365 1327 1673 1392 deduxit?
1760 1327 1977 1411 Neque
2031 1326 2230 1410 igitur
2273 1324 2665 1408 praetermit-

356 1427 612 1491 tendum
660 1427 1073 1510 Hippolytum
1119 1427 1384 1511 profugo
1430 1421 1615 1492 curru
1662 1428 1969 1494 Troezena
2013 1429 2219 1510 petere
2277 1446 2336 1491 v.
2384 1427 2525 1505 506,
2593 1426 2665 1490 ut

359 1526 525 1610 quod
571 1527 784 1593 Velati
828 1529 1156 1612 Hippolyti
1200 1529 1302 1612 sit,
1370 1528 1544 1594 cuius
1594 1547 1879 1594 scaenam
1926 1528 2191 1594 Athenis
2246 1526 2435 1592 fuisse
2490 1525 2664 1592 evici.

359 1627 594 1692 Eodem
637 1629 925 1710 pertinet,
992 1629 1157 1712 quod
1200 1629 1490 1695 Phaedra
1548 1631 1861 1713 repulsam
1922 1648 2105 1712 aegre
2163 1627 2407 1693 ferens¹
2471 1627 2665 1709 privi-

357 1746 554 1810 gnum
599 1729 877 1793 criminis
921 1730 1119 1796 defert
1163 1751 1222 1796 v.
1269 1732 1426 1796 503:
1466 1728 1484 1752 ‘
1520 1731 1818 1796 indiciine
1862 1731 2033 1795 metu
2084 1729 2287 1812 magis
2352 1728 2661 1793 offensane

359 1828 701 1912 repulsaeP'
792 1831 1033 1896 Metum
1071 1832 1320 1914 quidem
1365 1833 1432 1896 in
1479 1832 1744 1897 'alteram
1774 1833 2025 1897 tantum
2057 1829 2407 1895 Phaedram
2445 1828 2662 1893 cadere

361 1930 422 1994 et
467 1931 719 2014 vulgari
762 1933 1263 2014 interpretationi
1325 1935 1651 2000 convenire
1713 1932 2052 1998 identidem
2111 1931 2343 1996 monui.
2432 1930 2660 1994 Totum

359 2035 572 2100 autem
619 2034 825 2099 locum
869 2034 1356 2099 Alexandrinam
1400 2036 1601 2100 artem
1645 2035 1880 2118 spirare
1925 2036 2136 2116 postea
2180 2031 2461 2098 elucebit.

562 2135 789 2201 Paucis
833 2135 1054 2201 deinde
1089 2155 1331 2200 necesse
1361 2137 1455 2201 est
1484 2136 1747 2218 tangam
1775 2135 2045 2200 alterum
2080 2135 2413 2200 Fastorum
2455 2132 2663 2197 locum

361 2238 501 2321 (VI,
549 2239 667 2302 735
710 2239 849 2319 sq.)‚
920 2255 1040 2319 quo
1089 2235 1348 2302 Ovidius
1399 2256 1436 2302 a
1484 2237 1866 2319 Serpentarii
1919 2236 2098 2318 signo
2154 2253 2400 2303 exorsus
2450 2233 2662 2317 paullo

363 2339 544 2421 plura
583 2339 658 2403 de
701 2337 1042 2420 Hippolyto
1091 2338 1446 2420 Aesculapii
1492 2337 1722 2403 auxilio
1768 2337 2172 2403 reviviscente
2230 2337 2291 2400 et
2347 2335 2422 2400 de
2466 2334 2664 2398 divini

363 2437 587 2502 medici
635 2438 818 2502 fatis²
865 2439 1097 2504 narrat.
1185 2439 1380 2504 Poeta
1427 2440 1745 2504 Romanus
1789 2438 2003 2522 procul
2061 2437 2247 2502 dubio
2301 2436 2664 2502 Eratosthe-

362 2558 503 2604 nem
556 2540 799 2621 praesto
844 2525 1065 2606 habuit
1131 2540 1235 2621 (cf.
1283 2541 1516 2606 Robert
1570 2541 1887 2605 Eratosth.
1936 2538 2172 2605 Gatast.
2219 2559 2276 2621 p.
2324 2538 2455 2622 29).
2541 2538 2664 2602 Hic

361 2640 528 2705 enim
586 2642 804 2706 narrat
868 2640 1035 2721 (Cat.
1081 2640 1189 2706 VI.
1245 2642 1398 2707 Rob.
1465 2661 1521 2723 p.
1571 2641 1681 2722 68)
1750 2641 1892 2706 deos
1955 2640 2149 2704 iratos
2216 2638 2424 2718 fuisse,
2500 2638 2665 2721 quod

361 2741 771 2823 Aesculapius
824 2743 1146 2807 hominum
1198 2742 1362 2807 vitas
1421 2741 1593 2806 ultra
1650 2741 1783 2806 fata
1837 2739 2207 2823 protendens
2269 2740 2481 2806 debita
2545 2739 2665 2804 sibi

360 2842 500 2906 iura
565 2824 983 2907 debilitasset:
1049 2842 1157 2907 καὶ
1209 2842 1343 2907 τῶν
1396 2844 1578 2907 θεῶν
1635 2840 1965 2924 δυσχερῶς
2030 2842 2237 2905 τοῦτο
2305 2836 2663 2927 φερόντων,

362 2936 422 3006 εἰ
465 2935 533 3004 αἱ
575 2940 756 3022 τιμαὶ
800 2936 1370 3027 καταλυθήσονται
1415 2933 1633 3007 αὗτῶν
1672 2942 2030 3027 τηλικαῦτα
2077 2937 2233 3026 ἔργα
2262 2932 2668 3026 Ἀσκληπιοῦ

369 3039 856 3123 ἐπιτελοῦντος,
932 3062 1090 3126 quae
1157 3044 1464 3126 quomodo
1512 3044 1796 3127 intellegi
1856 3042 2119 3110 debeant
2172 3042 2431 3111 Ovidius
2487 3044 2667 3110 docet

363 3164 420 3209 v.
466 3144 622 3209 757:

667 3245 736 3310 at
781 3243 1116 3329 Clymenus
1163 3244 1509 3328 Clothoque
1553 3244 1787 3324 dolent,
1831 3246 2002 3325 haec,
2044 3244 2153 3311 fila
2195 3246 2414 3331 reneri,

932 3346 1051 3425 hic,
1101 3345 1235 3411 fieri
1279 3347 1456 3429 regni
1500 3346 1640 3411 iura
1680 3346 1921 3411 minora
1963 3346 2077 3413 sui.

368 3446 589 3529 Apollo
634 3448 845 3512 autem
888 3446 1064 3529 luget
1111 3447 1312 3511 filium
1361 3446 1623 3512 fulmine
1667 3466 2023 3529 percussum
2062 3467 2120 3513 v.
2169 3448 2321 3513 761:

661 3548 926 3627 Phoebe,
974 3548 1347 3630 querebaris.
1418 3548 1583 3613 Deus
1629 3550 1742 3622 est,
1787 3548 2033 3631 placare
2077 3547 2350 3630 parenti:

763 3649 1011 3731 propter
1054 3652 1134 3726 te,
1181 3647 1313 3712 fieri
1357 3649 1520 3730 quod
1567 3650 1761 3728 vetat,
1804 3649 1935 3733 ipse
1977 3648 2152 3715 facit.

570 3850 590 3883 ¹
627 3851 694 3903 In
733 3855 1044 3907 retractata
1079 3852 1274 3907 fabula
1302 3860 1398 3907 ‘res
1448 3870 1518 3907 ne
1557 3870 1623 3907 eo
1663 3852 1891 3921 quidem
1929 3853 2244 3921 adducitur,
2306 3856 2370 3906 ut
2408 3850 2665 3905 Phaedra

366 3938 468 3992 ulli
524 3939 781 4009 repulsae
833 3940 1082 4009 periculo
1131 3958 1189 3994 se
1232 3946 1492 4009 exponat,
1549 3946 1614 3995 ut
1650 3942 1913 3997 Welcker
1961 3942 2021 4009 (l.
2059 3942 2095 3995 1.
2146 3959 2199 4010 p.
2240 3940 2371 4009 402)
2421 3940 2664 4007 monuit;

367 4028 465 4095 qui
519 4028 651 4082 inde
695 4044 994 4097 perperam
1041 4029 1312 4083 conclusit
1349 4028 1559 4083 Nasoni
1598 4028 1885 4098 Sophoclis
1922 4030 2238 4083 Phaedram
2275 4029 2424 4083 inter
2468 4046 2665 4082 manus

362 4114 550 4170 fuisse.
703 4115 710 4119 ’

567 4204 589 4237 ²
625 4205 1039 4260 Alexandrinos
1088 4207 1442 4262 mirabilibus
1491 4206 1815 4260 morborum
1867 4205 2249 4259 curationibus
2298 4204 2663 4273 depingendis

364 4291 750 4347 lubentissime
788 4294 1061 4349 institisse
1093 4296 1339 4364 probant
1375 4295 1560 4351 Nonni
1597 4294 1941 4350 imitationes
1980 4293 2207 4365 Dionys.
2232 4291 2407 4361 XVII,
2443 4294 2549 4347 357
2578 4309 2661 4363 sq.

363 4380 536 4452 XXV,
573 4381 678 4437 538
713 4398 796 4452 sq.
833 4383 1063 4450 XXXV,
1102 4386 1173 4439 60
1209 4402 1290 4454 sq.
