3157 5028
1569 322 1674 376 104

462 498 727 562 tentiam
792 517 992 562 meam
1058 498 1304 581 egregie
1363 497 1721 562 adiuvant}>
1807 497 2126 560 Nimirum
2172 497 2237 560 in
2281 496 2409 560 illis
2453 496 2528 560 de
2571 496 2768 560 Phae-

462 598 576 663 dra
611 599 807 664 amori
854 599 1190 663 obsistente
1234 599 1393 663 nihil
1436 617 1687 680 prorsus
1732 597 1995 681 legitur;
2062 597 2388 681 tragoedia
2432 597 2639 678 potius
2682 597 2772 661 le·

462 699 634 764 viora
680 701 1044 766 ornamenta
1089 700 1308 764 mutua
1354 699 1527 764 dedit
1548 704 1586 763 ¹.

660 800 745 864 Iis
790 800 1070 882 denique,
1117 800 1223 882 qui
1273 800 1347 864 de
1392 801 1532 864 aliis
1573 801 1803 866 fabulis
1847 801 2148 885 cogitent,
2205 799 2271 864 in
2316 799 2541 882 quibus
2586 799 2770 862 Euri-

459 899 628 981 pides
675 899 905 963 amoris
945 900 1167 965 leniter
1211 901 1542 966 crescentis
1588 903 1650 966 et
1693 902 1889 966 animi
1938 902 2267 966 renitentis
2312 919 2385 965 ac
2420 899 2656 963 frustra
2687 899 2768 964 ad

461 1001 763 1066 rationem
809 1019 874 1064 se
919 1001 1268 1066 revocantis
1312 1002 1660 1084 exemplum
1708 1022 2047 1085 proponere
2076 1002 2367 1084 potuerit,
2413 1001 2501 1064 sic
2529 998 2769 1064 occurri

457 1103 634 1166 licet:
691 1101 886 1165 videri
931 1103 1178 1183 poetam
1234 1102 1300 1166 in
1352 1104 1554 1168 tribus
1618 1103 1926 1168 similibus
1968 1103 2237 1168 fabulis2
2294 1122 2389 1168 res
2445 1100 2652 1184 potius
2700 1119 2771 1164 ex

459 1203 688 1266 illicita
733 1201 992 1267 libidine
1035 1202 1473 1277 redundantes,
1537 1204 1848 1270 actionem
1894 1204 2143 1286 longius
2188 1203 2565 1285 provectam,
2633 1219 2770 1282 per-

461 1321 642 1368 sonas
687 1303 814 1366 iam
863 1303 1026 1368 circa
1071 1303 1274 1384 ipsum
1321 1305 1551 1370 amoris
1595 1306 1907 1386 eventum,
1972 1306 2045 1369 ut
2089 1305 2180 1369 ita
2226 1303 2450 1380 dicam,
2496 1320 2770 1367 commo-

460 1405 666 1468 rantes
731 1404 1134 1485 proposuisse.
1227 1405 1396 1470 Haec
1455 1405 1789 1483 conclusi0‚
1862 1424 2021 1488 quae
2069 1405 2134 1468 in
2182 1404 2567 1470 Stheneboea
2611 1402 2769 1468 nulli

458 1504 837 1570 dubitationi
884 1505 1147 1570 obnoxia
1194 1506 1344 1584 estss,
1415 1507 1562 1572 licet
1610 1507 1897 1572 Welcker
1952 1505 2020 1586 (l.
2068 1507 2112 1570 l.
2158 1525 2215 1587 p.
2263 1505 2411 1584 780)
2457 1505 2769 1569 nutricem

464 1605 926 1687 Bellerophonti
993 1625 1131 1671 erae
1195 1626 1467 1672 amorem
1513 1626 1587 1672 ac
1632 1607 2024 1686 desiderium,
2084 1625 2205 1689 quo
2254 1606 2575 1671 absentem
2621 1625 2768 1670 con-

459 1706 812 1786 cupivisset,
885 1705 1110 1772 vividis
1156 1708 1466 1772 coloribus
1512 1708 1905 1790 descripsisse
1964 1707 2371 1790 probabiliter
2414 1707 2763 1785 coniecerit,

463 1825 605 1870 vero
651 1807 874 1871 saltem
920 1807 1198 1888 proxima
1243 1809 1335 1873 est
1373 1809 1439 1872 in
1483 1809 1793 1874 Phoenice
1839 1809 1943 1884 (cf.
1989 1807 2277 1874 Welcker
2320 1808 2359 1871 l.
2402 1809 2445 1872 l.
2492 1827 2551 1890 p.
2597 1807 2768 1888 805).

461 1909 582 1974 Uni
628 1908 822 1972 Aeolo
887 1909 1004 1974 hoc
1071 1908 1205 1972 loco
1274 1896 1628 1974 accuratius
1674 1910 2121 1974 examinandae
2165 1908 2502 1990 paullisper
2546 1927 2768 1973 vacare

459 2010 719 2091 oportet,
783 2028 904 2073 non
971 2009 1123 2091 quin
1169 2008 1455 2074 Welcker
1517 2010 1586 2087 (l.
1636 2010 1675 2073 l.
1723 2030 1780 2091 p.
1829 2011 1979 2088 861)
2049 2007 2343 2074 Grauerti
2413 2009 2766 2090 opinionem

458 2109 739 2175 fabulam
784 2109 1170 2191 auspicatam
1218 2129 1346 2175 esse
1391 2130 1426 2174 a
1475 2110 1715 2176 Canace
1760 2129 1971 2176 coram
2017 2111 2260 2175 nutrice
2302 2129 2575 2175 amorem
2621 2130 2765 2176 con-

459 2211 673 2275 fitente
738 2211 1112 2292 redarguens
1168 2212 1345 2275 unice
1399 2213 1562 2276 recte
1618 2211 1951 2277 affirmarit
2006 2214 2170 2277 circa
2227 2213 2433 2294 ipsum
2485 2212 2767 2294 pariendi

460 2314 702 2394 tempus
749 2312 1055 2377 actionem
1101 2313 1350 2398 versari,
1409 2313 1510 2377 sed
1561 2313 1709 2395 quia
1755 2314 2081 2386 Macareus
2124 2314 2417 2378 inductus
2462 2315 2553 2378 est
2598 2313 2763 2396 patri

459 2413 822 2496 persuadere
867 2414 1140 2498 studenS,
1202 2416 1274 2478 ut
1328 2414 1490 2479 filias
1549 2415 1637 2500 et¹
1677 2415 1838 2480 filios
1905 2416 2166 2480 conubio
2228 2415 2559 2497 iungeret,.
2597 2405 2764 2497 quod

460 2514 794 2598 Dionysius
848 2516 1116 2580 testatur
1172 2514 1382 2597 (Rhet.
1425 2516 1537 2593 IX,
1591 2518 1720 2597 ll):
1788 2513 1855 2580 ἐν
1898 2519 1992 2601 τῷ
2034 2511 2272 2602 Αἰόλῳ
2319 2514 2355 2581 ὃ
2400 2509 2765 2599 Μακαρεύς

458 2615 632 2681 ἐστιν
676 2610 989 2703 ὁμιλήσας
1032 2619 1111 2703 τῇ
1155 2607 1404 2705 ἀδελφῇ
1448 2617 1555 2681 καὶ
1600 2612 1946 2682 λανθάνων
1995 2618 2102 2682 καὶ
2155 2619 2619 2701 συμβουλεύων
2668 2624 2764 2705 τῷ

663 2770 680 2800 ¹
721 2768 799 2823 Ut
838 2769 1002 2837 plene
1042 2768 1116 2822 sit
1157 2769 1547 2837 cumulateque
1583 2769 1835 2838 perfecta
1873 2772 2143 2840 quaestiO,
2182 2772 2346 2826 huius
2373 2773 2480 2827 loci
2507 2778 2591 2827 est
2616 2790 2764 2827 com-

458 2875 770 2911 memorare
806 2858 1050 2925 reliquas
1089 2862 1354 2928 cognatas
1393 2858 1613 2912 fabulas
1652 2859 1890 2913 incestas
1947 2861 2169 2926 exiliter
2226 2866 2283 2915 et
2339 2862 2581 2930 carptim
2634 2880 2761 2917 nar-

457 2950 635 3000 ratas:
694 2946 996 3000 Demodice
1035 2946 1259 3001 Crethei
1295 2965 1438 3001 uxor
1475 2948 1747 3002 Phrixum
1788 2949 2031 3018 deperiit
2068 2948 2299 3021 (Hygia.
2337 2950 2493 3005 Poet.
2532 2954 2764 3006 Astron.

459 3036 531 3103 ΙΙ,
566 3034 674 3104 20),
721 3035 987 3088 Pallenen
1041 3039 1204 3103 pater
1265 3036 1402 3089 arsit
1461 3036 1665 3105 (Noun.
1705 3037 1933 3107 Dionys·
1982 3038 2237 3107 XLVIII,
2289 3041 2359 3092 93
2398 3040 2523 3108 sq.),
2577 3040 2764 3094 Mene-

456 3126 641 3193 phron
692 3141 820 3176 cum
873 3128 1054 3176 matre
1092 3124 1392 3179 concubuit
1433 3124 1551 3193 (Ov.
1589 3125 1722 3179 Met.
1761 3125 1887 3194 VII,
1926 3126 2085 3196 386);
2142 3132 2390 3181 ceterum
2444 3128 2513 3183 cf.
2554 3128 2759 3199 Hygin.

456 3212 496 3266 f.
537 3215 657 3267 253.
725 3242 789 3250 —
851 3212 916 3264 In
952 3211 1258 3281 Pasiphaes
1310 3212 1632 3267 foedissima
1680 3216 1975 3283 voluptate
2011 3216 2133 3284 ipsa
2182 3218 2551 3287 repugnantis
2588 3222 2762 3271 mate-

459 3302 576 3356 riae
613 3305 818 3355 natura
857 3302 1140 3355 obstitisse
1178 3302 1422 3370 videtur,
1481 3303 1777 3371 quominus
1835 3305 2188 3357 resistentem
2244 3304 2511 3359 feminam
2556 3305 2763 3359 descri-

458 3393 686 3461 berent3
729 3390 798 3445 cf.
839 3389 938 3445 Ov.
977 3394 1103 3444 Art.
1147 3392 1266 3445 Am.
1310 3392 1353 3459 I,
1397 3393 1499 3445 289
1539 3409 1620 3460 sq.
1678 3391 1859 3446 Nonn.
1899 3392 2127 3461 Dionys.
2166 3392 2390 3455 XLVII,
2430 3393 2534 3447 396
2571 3410 2652 3461 sq.

662 3482 682 3513 2
719 3481 981 3549 Fabulae,
1020 3481 1077 3533 in
1116 3481 1316 3549 quibus
1356 3481 1641 3551 legitimus
1667 3484 1844 3534 Amor
1882 3481 2057 3535 iustos
2094 3481 2409 3550 triumphos
2438 3482 2575 3552 agit,
2614 3482 2767 3537 hunc

457 3570 642 3623 locum
676 3587 791 3623 non
826 3574 1060 3639 tangere
1097 3569 1249 3623 haud
1291 3570 1459 3639 longa
1497 3569 1872 3637 explicatione
1909 3574 2053 3639 eget.
2094 3568 2341 3636 Quarum
2367 3571 2765 3625 celeberrimae

456 3658 854 3712 Andromacha
893 3662 949 3711 et
987 3658 1182 3727 Dictys
1221 3656 1392 3711 fuisse
1433 3658 1716 3726 videntur,
1753 3658 1814 3711 in
1852 3675 1961 3726 qua
1998 3660 2259 3727 voluptas
2298 3676 2488 3712 sensus
2524 3663 2581 3713 et
2606 3676 2764 3713 amor

457 3746 706 3799 animum
752 3763 1082 3815 permovens
1130 3746 1375 3815 primum
1414 3746 1472 3798 in
1510 3746 1977 3815 disceptationem
2036 3764 2069 3801 a
2106 3747 2341 3801 Platone
2394 3752 2591 3815 postea
2638 3766 2761 3801 san-

457 3834 626 3888 citam
682 3839 955 3888 vocantur
1024 3834 1116 3903 (cf.
1165 3834 1258 3904 frg
1323 3836 1444 3887 342.
1501 3834 1715 3889 Colster
1777 3835 1959 3888 Diatr.
2012 3836 2071 3889 in
2125 3836 2339 3907 Eurip„
2371 3836 2764 3905 philosophiae

455 3923 660 3989 locum,
711 3923 808 3989 qui
847 3928 930 3977 est
967 3923 1018 3977 d.
1059 3922 1276 3992 amon).
1321 3952 1390 3961 —
1432 3922 1496 3976 In
1536 3922 1795 3977 Cretibus
1834 3928 2021 3977 autem
2059 3923 2361 3992 Pasiphaes
2400 3928 2659 3993 stuprum
2698 3928 2764 3977 ut

457 4010 667 4064 dudum
707 4015 1089 4081 antegressum
1124 4010 1364 4065 fortasse
1415 4011 1473 4063 in
1510 4014 1748 4083 prologo
1797 4017 2291 4066 commemoratum
2338 4017 2423 4066 est
2478 4012 2569 4079 (cf.
2611 4012 2762 4066 Jahn

454 4099 622 4152 Arch.
665 4098 840 4153 Beitr.
877 4117 932 4168 p.
972 4098 1120 4168 238).

655 4189 676 4219 ³
715 4188 862 4241 Illud
917 4188 1142 4257 quidem
1199 4188 1611 4243 Stheneboeae:
1680 4184 2111 4259 νουθετούμενος
2167 4188 2219 4241 ‹5’
2272 4183 2445 4259 ’Ἑρως
2485 4190 2496 4256 Ι
2544 4190 2756 4259 μᾶλλον

453 4278 616 4337 πιέζει
641 4276 767 4345 (frg.
790 4276 918 4346 668)
937 4277 1351 4332 Alexandrinae
1373 4277 1566 4331 Musae
1606 4277 1769 4331 valde
1808 4277 2068 4332 adrisisse
2104 4278 2302 4332 Rohde
2340 4278 2588 4332 ostendit
2624 4278 2689 4345 (l.
2720 4278 2760 4331 l.

458 4381 511 4431 p.
559 4366 658 4416 148
696 4364 859 4433 adm).
