3157 5028
1517 385 1578 439 11

397 555 528 638 ipso
575 555 759 620 fatali
805 574 1011 622 amore
1055 555 1284 620 nodum
1315 556 1633 639 tragicum
1662 556 1874 633 nectit,
1903 557 2227 641 Euripides
2273 559 2419 637 stat,
2465 559 2543 624 ad
2587 578 2695 624 cu-

397 658 495 721 ius
559 657 787 722 cantici
841 657 1091 738 singula
1145 657 1522 722 illustranda
1584 658 1952 724 Trachiniae
2008 660 2175 724 haud
2228 680 2425 743 pauca
2478 681 2698 744 suppe-

397 758 623 822 ditant.
705 757 871 822 Nam
914 756 1077 840 quod
1123 757 1422 823 Deianira
1469 758 1543 823 de
1588 759 1717 824 Iole
1760 760 1914 824 dicit
1959 780 2017 826 v.
2062 762 2217 828 536:

694 876 892 960 κόρην
921 875 1061 959 γάρ,
1112 867 1296 958 οἶμαι
1341 875 1396 940 δ’
1446 874 1672 958 οὐκέτ’,
1721 868 1859 943 ἄλλ’
1911 873 2305 964 ἐζευγμένην,

697 977 1243 1061 παρεισδέδεγμαι
1287 977 1422 1043 κτλ.

394 1097 459 1163 id
503 1099 864 1181 explicatius
911 1101 1130 1165 chorus
1176 1100 1542 1182 Euripideus
1586 1120 1643 1165 v.
1690 1101 1811 1165 545
1848 1119 1969 1184 sq.:

696 1210 814 1280 τάν
857 1215 977 1299 μὲν
1027 1215 1298 1304 Οἰχαλίᾳ

693 1316 924 1382 πῶλον
961 1307 1178 1401 ἄζυγα,
1221 1317 1507 1400 λέκτρων

695 1409 1010 1504 ἄνανδρον
1049 1415 1126 1484 τὸ
1173 1419 1328 1504 πρὶν
1377 1419 1486 1484 καὶ
1527 1409 1847 1506 ὅνυμφον,
1896 1413 2097 1485 οἷ’κων

696 1517 950 1604 ζεύξασ’
996 1511 1112 1586 ἄπ’
1160 1519 1409 1610 εἰρεσίᾳ
1451 1523 1585 1590 κτλ.

393 1642 455 1705 et
499 1642 604 1724 qui
650 1641 961 1716 dubitant,
1023 1643 1330 1724 quomodo
1379 1638 1631 1728 εἰρεσίᾳ
1675 1643 2103 1725 accipiendum
2160 1643 2262 1725 sit,
2328 1661 2429 1709 eos
2480 1643 2695 1726 delego

393 1742 473 1807 ad
504 1741 792 1807 Herculis
836 1742 1242 1806 πολύκωπον
1288 1733 1497 1828 ἷίχημα
1540 1743 1692 1820 ναός
1722 1744 1807 1826 (v.
1839 1746 2047 1825 656)¹.
2133 1745 2413 1828 Denique
2445 1743 2693 1827 dignus»,

394 1844 501 1926 qui
548 1843 922 1926 adponatur,
971 1845 1142 1910 loeus
1190 1845 1563 1928 Sophocleus
1607 1846 1711 1912 hic
1752 1847 1847 1911 est
1892 1865 1948 1910 v.
1994 1847 2118 1911 856
2162 1864 2287 1928 sq.:

689 1953 788 2024 Ἰώ
841 1957 1103 2026 κελαινὰ
1153 1955 1350 2045 λόγχα
1403 1957 1757 2046 προμοίχου
1822 1959 2039 2048 δορός,

693 2054 740 2128 ἃ
782 2059 936 2128 τότε
981 2060 1158 2129 θοὰν
1200 2065 1464 2148 νύμφαν

691 2155 920 2249 ἄγαγες
961 2166 1076 2233 ἀπ’
1123 2163 1424 2244 αἰπεινᾶς
1461 2168 1470 2247 Ι
1507 2161 1683 2230 τάνδ’
1719 2161 2029 2247 Οἰχαλίας
2071 2161 2291 2253 αἰχμᾷ.

689 2265 731 2330 ἆ
773 2267 830 2332 δ’
880 2259 1263 2354 ἀμφίπολος
1311 2267 1581 2351 Κύπρις
1622 2257 1904 2345 ἄναυδος
1946 2262 2198 2354 φανερὰ

689 2368 876 2433 τῶνδ’
934 2362 1141 2455 ἐφάνη
1185 2363 1526 2453 πράκτωρ.

392 2487 557 2553 Nam
620 2488 783 2571 quod
829 2487 1158 2571 Sophocles
1225 2487 1470 2554 funesta
1529 2489 1714 2555 hasta
1782 2488 1969 2554 semel
2023 2487 2211 2571 atque
2268 2487 2494 2553 iterum
2544 2483 2692 2553 belli

393 2589 631 2654 cladem
673 2590 1044 2668 subindicat,
1102 2590 1166 2655 in
1212 2591 1330 2655 hoc
1373 2592 1583 2656 noster
1626 2610 1749 2657 non
1792 2590 1955 2655 cedit
1998 2610 2055 2656 v.
2106 2591 2249 2667 551,
2295 2589 2460 2671 apud
2506 2608 2689 2672 quem

393 2690 598 2756 Venus
641 2691 791 2755 item
839 2692 1128 2756 ministra
1173 2692 1266 2756 est
1311 2711 1367 2756 v.
1414 2693 1555 2757 553.
1605 2729 1683 2739 —
1736 2692 1973 2774 Quibus
2018 2692 2305 2756 omnibus
2344 2709 2486 2754 cum
2530 2690 2688 2753 satis

391 2790 640 2855 firmum
691 2791 1167 2857 fundamentum
1219 2793 1456 2858 iactum
1513 2794 1603 2858 sit
1652 2794 1731 2859 ad
1776 2792 2161 2876 probandam
2203 2810 2404 2857 meam
2452 2790 2694 2873 opinio·-

391 2910 549 2971 nem,
593 2892 878 2974 Euripidi
913 2892 1339 2958 Coroniferum
1384 2895 1680 2959 scribenti
1712 2894 2032 2977 Sophoclis
2076 2894 2437 2959 memoriam
2481 2911 2693 2958 recen-

390 2993 518 3056 tem
564 2993 772 3071 fuisse,
831 2996 1010 3075 plura
1059 2995 1122 3058 in
1169 2995 1440 3060 medium
1480 2996 1792 3079 proferam
1840 2998 2231 3075 documenta,
2278 3015 2437 3079 quae
2482 3014 2588 3077 per
2630 3014 2693 3060 se

390 3093 651 3159 fortasse
701 3094 956 3179 leviora,
1021 3098 1240 3163 mutuo
1307 3116 1370 3163 se
1432 3098 1668 3163 lumine
1728 3099 2154 3164 illustrabunt.
2252 3098 2469 3181 Neque
2526 3095 2691 3160 enim

390 3214 743 3278 quenquam
803 3196 1146 3262 etiamnum
1192 3199 1363 3263 casui
1406 3199 1797 3265 tributurum
1844 3218 1972 3265 esse
2018 3218 2212 3281 spem,
2259 3198 2423 3282 quod
2471 3198 2693 3262 chorus

389 3298 648 3379 uterque
689 3298 756 3361 in
804 3298 1035 3380 parodo
1081 3299 1221 3380 post
1257 3299 1440 3365 breve
1485 3300 1863 3382 prooemium
1913 3299 2147 3379 cantat,
2192 3319 2254 3365 se
2282 3300 2357 3364 de
2387 3296 2689 3363 luctuosis

389 3395 675 3462 dominae
720 3397 1149 3464 affectionibus
1198 3420 1471 3465 rumores
1518 3401 1820 3482 accepisse
1864 3398 1954 3484 (S.
1986 3402 2104 3465 103
2132 3420 2241 3483 sq.,
2288 3402 2357 3464 E.
2392 3400 2512 3465 129
2539 3399 2691 3482 sq.);

390 3497 553 3579 quod
600 3499 822 3563 chorus
867 3499 1260 3581 SophocleuS,
1307 3501 1410 3566 ubi
1455 3501 1529 3565 de
1574 3504 1776 3565 morte
1818 3501 2175 3566 voluntaria
2192 3501 2526 3566 Deianirae
2560 3518 2691 3565 cer-

388 3598 513 3663 tior
559 3599 761 3663 factus
807 3601 918 3678 est,
967 3604 1184 3665 ventos
1229 3621 1534 3684 aurasque
1580 3603 1828 3685 expetit,
1888 3620 2045 3685 quae
2087 3622 2123 3667 a
2165 3602 2335 3665 tristi
2379 3599 2691 3665 luctificae

387 3698 582 3764 cladis
627 3701 978 3781 spectaculo
1024 3702 1322 3767 aliorsum
1361 3722 1424 3767 se
1471 3702 1761 3771 auferant
1805 3721 1861 3767 v.
1907 3704 2030 3767 953
2074 3722 2186 3786 sq.,
2233 3703 2455 3766 chorus
2478 3702 2687 3766 autem

387 3800 756 3883 Euripideus
801 3802 992 3867 simili
1035 3804 1190 3880 loce,
1238 3805 1564 3886 postquam
1599 3803 1883 3870 Phaedra
1914 3804 1993 3870 ad
2030 3805 2289 3870 mortem
2323 3803 2441 3868 sibi
2465 3821 2693 3884 paran-

388 3901 531 3967 dam
586 3902 866 3982 decessit,
931 3923 1108 3969 avem
1154 3924 1218 3969 se
1261 3905 1393 3970 fieri
1448 3906 1844 3987 concupiscat
1898 3925 2093 3989 neque
2136 3905 2242 3970 ille
2286 3904 2411 3969 alio
2456 3904 2689 3983 animo,

387 4021 574 4085 quam
616 4006 688 4067 ut
728 4005 807 4069 ab
851 4005 1130 4071 instante
1172 4007 1480 4072 malorum
1525 4008 1771 4071 theatro
1828 4008 1892 4071 in
1949 4006 2367 4071 remotissima
2412 4023 2691 4088 quaeque

591 4254 610 4285 ¹
651 4252 794 4307 Nolo
833 4253 1056 4323 longius
1095 4253 1350 4309 insistere
1389 4272 1581 4309 eorum
1618 4255 1783 4325 nugis
1820 4254 2151 4323 refutandis,
2191 4255 2289 4324 qui
2328 4258 2571 4325 εἰρεσίαν
2606 4254 2688 4307 in·

391 4341 666 4411 tellegant
706 4342 777 4395 de
815 4342 967 4396 aeria
1005 4343 1382 4412 navigatione,
1439 4348 1638 4397 testem
1680 4344 1987 4399 excitantes
2028 4344 2249 4399 Niciam
2297 4342 2483 4397 nescio
2525 4359 2692 4410 quem

387 4429 708 4485 Malleotem
746 4450 779 4487 a
817 4430 1119 4489 Plutarcho
1158 4432 1361 4487 Parall.
1403 4434 1466 4486 13
1504 4431 1811 4487 laudatum.
