3157 5028
1497 355 1578 426 ⁷⁶2

369 547 701 612 procorum
743 529 919 613 copia
964 532 1166 614 urget,
1217 529 1663 614 interroganti:
1712 529 1959 613 qualem
1992 527 2192 594 virum
2227 528 2451 594 habere
2481 527 2672 611 optet,

368 631 726 714 respondet:
783 628 1088 696 ‘similem
1131 632 1274 698 tibi'
1324 651 1564 714 semper
1602 632 1886 697 occursat
1931 631 2138 696 animo
2186 629 2401 695 Cressa
2447 628 2674 694 mulier

369 751 439 798 ex
479 732 738 798 adverso
782 734 980 798 amati
1023 733 1266 798 iuvenis
1312 734 1486 799 stans
1543 734 1608 798 et
1659 752 1953 816 perquam
2008 731 2239 796 similia
2290 730 2673 796 deverticula

368 831 778 915 flexionesque
823 851 1138 917 quaerenS,
1205 853 1344 899 cum
1389 834 1481 899 ita
1523 833 1991 917 tergiversatur,
2050 832 2123 895 ut
2176 830 2670 913 obstupefactum

368 933 729 1015 privignum
798 934 1042 1000 revocet
1103 934 1184 1000 ad
1236 934 1455 1000 Thesei
1517 935 1729 999 vultus
1784 934 2016 1017 priores
2038 933 2132 997 ⁴et
2181 932 2312 996 eius
2367 931 2668 1013 tanquam

369 1032 639 1098 similem
703 1034 987 1116 speciem,
1058 1035 1125 1099 in
1159 1053 1371 1117 quam
1435 1032 1792 1099 exardescat
1858 1032 2027 1116 (Seu.
2090 1051 2149 1097 v.
2204 1031 2329 1096 646
2385 1029 2523 1113 sq.).
2591 1065 2668 1074 ——-

369 1133 546 1198 Unus
607 1134 805 1198 restat
871 1135 1060 1216 locuS,
1129 1135 1307 1198 cuius
1371 1133 1682 1216 exemplar
1726 1132 2054 1216 indaganti
2100 1132 2256 1196 mihi
2299 1151 2421 1196 non
2464 1132 2671 1196 minus

367 1233 578 1298 forsan
631 1234 1051 1316 applaudatis.
1140 1234 1307 1300 Nam
1356 1234 1611 1318 Myrrha
1666 1233 1868 1299 multa
1922 1233 2112 1299 verba
2164 1232 2468 1316 impendit
2522 1232 2671 1297 sim-

366 1334 587 1416 plicem
662 1335 924 1401 naturae
995 1337 1261 1418 statum,
1335 1355 1458 1420 quo
1531 1335 1832 1401 animalia
1895 1335 2068 1400 nullo
2133 1335 2363 1400 dilectu
2428 1336 2669 1417 coeant,

364 1455 514 1519 prae
574 1437 850 1502 humana
913 1437 1212 1503 societate
1276 1438 1668 1503 fortunatum
1734 1437 1945 1502 dicens
2012 1456 2067 1503 ν.
2122 1438 2247 1502 323
2302 1455 2393 1519 sq.
2501 1435 2670 1516 Qua-

365 1537 522 1602 lium
592 1539 1036 1621 exemplorum,
1118 1540 1185 1603 in
1259 1540 1484 1622 quibus
1552 1537 1923 1622 animalium
1990 1538 2124 1604 vita
2188 1556 2331 1603 cum
2394 1538 2669 1604 humana

363 1637 433 1702 in
485 1639 948 1722 comparatione
1001 1640 1440 1724 coniungatur,
1503 1638 1954 1704 Alexandrinos
2016 1639 2229 1720 poetas
2290 1638 2388 1702 vel
2456 1656 2669 1703 eorum

364 1739 632 1804 asseclas
673 1739 992 1806 Romanos
1047 1741 1290 1807 affatim
1349 1740 1744 1823 suppeditare
1805 1741 2022 1805 notum
2080 1739 2172 1804 est
2194 1741 2232 1804 ¹.
2342 1737 2462 1804 Sed
2526 1757 2666 1803 cum

365 1838 546 1922 virgo
606 1839 912 1906 humanas
979 1842 1298 1925 malignae
1363 1860 1546 1907 curae
1597 1841 1767 1923 leges
1819 1859 1962 1905 cum
2024 1839 2341 1922 gravitate
2393 1837 2663 1921 quadam
2768 1841 2781 1857 ⁶

363 1939 682 2022 vituperat
735 1960 792 2005 v.
836 1943 959 2006 329
998 1961 1112 2026 sq.,
1175 1944 1288 2008 aut
1355 1942 1543 2008 fallor
1606 1942 1718 2006 aut
1782 1941 1883 2006 hic
1946 1941 2119 2005 locus
2182 1939 2373 2004 altius
2440 1938 2663 2004 deduci

365 2041 570 2123 potest
624 2043 704 2107 ad
755 2043 960 2126 ipsum
1023 2044 1263 2109 scilicet
1303 2041 1683 2125 Euripidem,
1749 2042 1924 2107 cuius
1966 2041 2311 2107 Phaedram
2360 2042 2546 2106 antea
2590 2042 2665 2106 de

363 2141 630 2225 Byblide
673 2162 886 2210 senum
931 2145 1044 2210 illa
1097 2145 1236 2210 iura
1280 2145 1571 2228 legesque
1618 2145 1986 2226 aspernante
2033 2143 2361 2226 disputans
2424 2143 2508 2226 (p.
2552 2141 2663 2225 63)

362 2242 622 2309 laudavi
643 2247 687 2310 ².
771 2245 994 2312 Premo
1042 2247 1206 2312 enim
1260 2265 1556 2329 perquam
1620 2246 1889 2311 similem
1940 2245 2007 2310 in
2051 2245 2432 2310 Philemonis
2490 2245 2664 2328 frag-

362 2347 574 2410 mento
632 2347 714 2411 90
777 2347 1386 2431 argumentationem
1401 2350 1445 2426 ⁸,
1521 2347 1697 2411 cuius
1764 2346 2073 2412 extremus
2140 2347 2386 2429 quidem
2452 2365 2663 2412 versus

364 2447 562 2512 vincit
603 2447 858 2513 minime
903 2449 977 2513 de
1021 2449 1257 2514 incesto
1313 2448 1695 2514 defendendo
1738 2449 1872 2532 agi;
1919 2448 2025 2513 sed
2069 2447 2517 2514 sententiarum
2566 2448 2660 2512 lu-

361 2550 536 2615 mina
571 2568 696 2615 non
737 2550 904 2616 infra
935 2550 1335 2633 Euripideum
1362 2552 1734 2617 cothurnum
1782 2552 1946 2630 sunt,
1993 2550 2167 2615 cuius
2214 2548 2662 2616 admiratorem

568 2796 586 2827 ¹
625 2796 890 2851 Conferas
927 2814 1010 2850 ex.
1050 2815 1136 2868 gr.
1176 2796 1340 2851 ovid.
1379 2799 1506 2851 Art.
1532 2799 1660 2851 Am.
1701 2798 1745 2867 Ι,
1785 2794 1906 2851 279.
1960 2796 2173 2868 Lydiae
2197 2814 2249 2851 v.
2276 2798 2347 2851 28
2372 2814 2453 2865 sq.
2494 2796 2657 2867 Verg.

362 2885 502 2939 Aen.
540 2884 634 2952 IV,
674 2886 797 2939 551.
835 2884 1093 2955 Propert.
1131 2885 1233 2954 ΠΙ,
1275 2886 1358 2939 15.
1396 2888 1466 2939 27
1507 2886 1575 2940 Η.

564 2974 588 3007 ²
623 2972 875 3027 Similem
932 2992 1125 3029 senum
1180 2975 1478 3049 legumque
1536 2976 1961 3046 despicientiam
2015 2974 2297 3047 significat
2332 2973 2659 3043 Propertius

360 3062 460 3126 III,
499 3063 586 3115 30.
627 3064 692 3115 13
732 3080 813 3131 sq.
850 3062 938 3131 H.,
997 3063 1229 3118 idoneus
1267 3068 1465 3119 auctor
1501 3064 1609 3121 hoc
1645 3069 2037 3120 ornamentum
2078 3084 2112 3120 a
2148 3065 2367 3135 tragica
2403 3063 2659 3117 Phaedra

361 3150 591 3205 ductum
630 3154 827 3219 postea
863 3153 1012 3221 apud
1047 3153 1461 3207 Alexandrinos
1497 3154 1737 3209 erotieoe
1776 3148 2197 3224 frequentatum
2235 3172 2368 3209 esse.
2404 3182 2469 3191 —
2513 3153 2659 3207 Cave

360 3244 547 3295 autem
590 3258 662 3295 ne
698 3240 821 3295 ideo
859 3240 929 3295 de
965 3241 1156 3295 Ovidii
1194 3242 1502 3311 exemplari
1539 3243 1760 3299 desinas
1799 3260 2081 3313 quaerere.

561 3330 584 3363 ⁸
621 3328 752 3401 Frg.
791 3330 898 3383 inc.
939 3328 1086 3383 VIII.
1126 3330 1202 3393 M.
1243 3329 1336 3399 lv,
1374 3333 1475 3385 36.

752 3408 812 3473 ,Ω
845 3412 1213 3489 τρισμακάρια
1253 3414 1432 3475 πάντα
1470 3423 1561 3472 καὶ
1598 3414 1869 3490 τριςόλβια

754 3503 820 3559 τὰ
857 3506 1026 3577 θηρί’,
1064 3502 1144 3566 οἷς
1180 3503 1279 3561 οὐκ
1316 3508 1432 3561 ἔστι
1471 3512 1599 3578 περὶ
1633 3503 1840 3562 τούτων
1874 3502 2060 3579 λόγος·

756 3586 868 3647 ουτ’
906 3596 981 3653 εἰς
1021 3594 1252 3666 ἔλεγχον
1288 3591 1456 3650 οὐδὲν
1491 3592 1672 3650 αυτῶν
1710 3598 1940 3668 ἔρχεται,

755 3676 863 3735 οὔτ’
901 3674 1031 3736 ἄλλο
1067 3683 1263 3737 τοιοῦτ’
1299 3680 1466 3739 οὐδέν
1501 3684 1617 3739 ἔστ’
1654 3680 1834 3745 αὐτοῖς
1872 3678 2044 3739 κάκόν

754 3766 1012 3839 ἐπακτόν,
1048 3766 1117 3837 ἣν
1155 3771 1206 3825 δ’
1245 3766 1316 3827 ἂν
1351 3776 1714 3844 εἰςενέγκηται
1750 3768 1923 3846 φύσιν

755 3856 1006 3922 ἕκαστον,
1050 3854 1214 3920 εὐθὺς
1250 3864 1343 3913 καὶ
1380 3854 1560 3932 νόμον
1595 3856 1793 3928 ταύτην
1827 3863 1959 3933 ἔχει.

755 3942 912 4015 ἡμεῖς
946 3947 999 3999 δ’
1041 3943 1279 4015 ἀβίωτον
1315 3949 1497 4018 ζῶμεν
1531 3942 1821 4019 ἅνθρωποι
1858 3954 2006 4017 βίον·

753 4030 1084 4107 δουλεύομεν
1121 4032 1383 4106 δόξωσιν,
1426 4034 1673 4108 εὑρόντες
1707 4032 1913 4109 νόμους

754 4118 1130 4193 προγόνοισιν,
1167 4122 1498 4195 ἔγγόνοισιν.
1546 4124 1648 4181 οὐκ
1684 4128 1795 4181 ἔστ’
1837 4124 2139 4199 ἀποτυχεῖν

750 4212 942 4278 κακοῦ,
979 4207 1269 4286 πρόφασιν
1306 4214 1357 4267 ‹5’
1396 4211 1486 4268 ἀεί
1516 4216 1617 4271 τιν’
1654 4218 2053 4288 ἑξευρίσκομεν.

355 4298 628 4355 Stobaeus
664 4298 941 4355 Flor.9e.
983 4306 1065 4356 14.
1110 4332 1171 4341 -
1210 4303 1275 4358 V.
1316 4307 1348 4358 3
1387 4305 1520 4359 libri
1555 4301 1735 4360 αὐτῶν
1770 4302 1951 4361 οὐδέν.
2007 4306 2375 4377 Transposuit
2405 4306 2650 4364 Grotius.

353 4389 424 4445 V.
459 4390 494 4442 9
530 4387 788 4442 Meineke
829 4391 1044 4445 mavult
1085 4386 1414 4462 ἔκγόνοισιν.
