3157 5028
1614 373 1685 428 82

503 547 724 612 unicus
769 547 987 612 auctor
1033 548 1128 612 est
1169 547 1298 613 iam
1340 548 1479 611 tum
1526 548 1777 630 partum
1824 546 2060 613 editum
2108 567 2256 626 esse,
2323 547 2459 612 nisi
2494 542 2815 612 Theocriti

499 647 873 716 scholiastae
915 647 1311 714 historiolam
1354 647 1698 713 adsciscere
1742 648 1865 713 vis:
1938 642 2213 730 ὕστερον
2252 647 2325 715 δὲ
2369 647 2815 734 ἐγκυμονοῦσα

503 746 611 813 καὶ
653 747 941 832 γεννῶσα
983 737 1413 812 τόν’Ἀδωνιν
1455 740 1803 834 ἐφωράθη.
1850 744 1956 835 ἐφ’
2004 737 2111 825 οἷς
2145 738 2488 835 οἷχθομένη
2520 741 2565 834 ἢ
2589 745 2817 829 αἰσχυ-

499 848 734 934 νομένη
799 839 1039 934 ηὔξατο
1103 845 1199 926 εἰς
1263 843 1615 931 ὁμώνυμον
1680 845 1909 936 φυτὸν·
1957 849 2445 939 μεταλλαγῆναι.
2561 851 2815 933 Reliqui

503 971 714 1018 omnes
759 951 1008 1017 Adonin
1075 969 1147 1015 ex
1209 951 1344 1033 ipsa
1408 951 1627 1016 arbore
1688 951 1907 1016 natum
1972 970 2102 1017 esse
2162 951 2402 1030 volunt,
2467 952 2613 1017 fissa
2678 970 2818 1016 cor-

497 1053 639 1133 tice,
683 1054 757 1118 ut
802 1052 1061 1117 Ovidius
1100 1051 1518 1134 Apollodorus
1563 1052 1991 1135 Lycophronis
2032 1052 2373 1119 scholiasta
2406 1053 2813 1136 Nicephorus

502 1151 619 1218 Cui
662 1154 752 1218 rei
797 1152 1048 1218 Servius
1094 1153 1293 1218 altero
1337 1153 1474 1218 loco
1519 1153 1734 1235 (Verg.
1766 1152 1920 1218 Aen.
1952 1152 2029 1236 V,
2076 1155 2181 1230 72)
2238 1154 2420 1236 plura
2463 1155 2651 1220 verba
2690 1155 2817 1218 im-

499 1253 748 1336 pendit:
809 1252 1148 1337 ‘pereussa,
1206 1255 1279 1326 ut
1322 1254 1578 1337 quidam
1624 1254 1863 1332 volunt,
1911 1274 1949 1319 a
1992 1255 2193 1336 patris
2237 1254 2449 1338 gladio
2470 1258 2507 1334 ¹,
2554 1255 2626 1319 ut
2672 1255 2817 1337 qui-

499 1353 665 1432 dam,
711 1355 791 1418 ab
832 1372 982 1437 apro
1025 1357 1358 1437 parvulum
1405 1349 1639 1420 edidit'
1686 1356 1799 1435 (sc.
1835 1354 2093 1438 Myrrha
2137 1355 2203 1419 in
2248 1355 2528 1421 arborem
2572 1355 2817 1436 versa);

499 1454 696 1519 altero
763 1455 978 1539 (Verg.
1048 1457 1201 1521 Buc.
1261 1456 1340 1531 X,
1420 1457 1526 1540 18)
1597 1458 1854 1522 tantum
1922 1456 1997 1522 de
2064 1457 2200 1539 apri
2262 1456 2447 1521 dente
2508 1455 2817 1539 loquitur.

504 1555 691 1637 Apud
738 1555 1030 1623 Ovidium
1075 1577 1134 1623 v.
1184 1559 1309 1623 510
1354 1577 1442 1641 sq.
1487 1559 1723 1624 Lucina
1772 1577 1947 1641 opem
1996 1557 2117 1623 fert
2174 1556 2617 1640 ‘admovitque
2678 1577 2817 1622 ma-

500 1675 615 1721 nus
659 1658 727 1746 et
762 1659 950 1724 verba
982 1678 1279 1742 puerpera
1306 1658 1490 1724 dixit’
1515 1662 1558 1724 2.
1588 1695 1666 1706 -
1692 1661 1867 1726 Unus
1896 1659 2167 1726 Ovidius
2197 1659 2463 1742 denique
2491 1658 2815 1742 Myrrham

501 1776 609 1840 per
636 1758 841 1823 varias
873 1759 1070 1825 terras
1117 1763 1454 1844 vagantem
1501 1760 1688 1844 fingit
1732 1781 1790 1825 v.
1814 1761 1935 1825 477
1962 1780 2053 1843 sq.
2078 1764 2124 1840 ⁸,
2170 1779 2329 1843 quae
2350 1760 2563 1827 Servio
2592 1759 2813 1844 (Verg.

503 1859 655 1924 Buc.
687 1859 767 1942 X,
804 1861 908 1940 18)
963 1861 1024 1926 et
1054 1862 1387 1928 Lactantio
1419 1862 1679 1928 Placido
1715 1863 1968 1928 auctore
2006 1861 2071 1927 in
2110 1863 2302 1926 silvas
2340 1862 2591 1926 tantum
2626 1861 2815 1942 fugit.

501 1959 621 2025 Sed
652 1960 863 2026 Ovidii
910 1964 1360 2046 geographicas
1407 1965 1691 2029 notiones
1736 1964 1789 2027 si
1820 1963 1901 2028 ad
1933 1962 2146 2028 vivum
2179 1981 2453 2028 resecare
2480 1962 2813 2042 studueriS,

498 2060 668 2154 haud
711 2059 949 2126 levibus
988 2062 1454 2145 impedimentis
1497 2063 1956 2147 illaqueaberis,
2002 2064 2077 2127 ut
2123 2062 2357 2128 dudum
2404 2063 2677 2146 Dilthey·
2704 2063 2817 2128 ob-

500 2161 777 2226 servavit
827 2160 900 2244 (1.
947 2162 988 2226 l.
1033 2181 1092 2244 p.
1138 2162 1272 2245 48).
1358 2163 1532 2229 Licet
1589 2164 1753 2228 enim
1809 2164 2086 2246 poeticae
2145 2163 2435 2228 licentiae
2486 2162 2813 2242 condoneS‚

502 2261 668 2344 quod
711 2261 793 2327 ad
836 2259 1110 2345 Cyprum
1152 2261 1445 2344 insulam,
1505 2263 1669 2329 unde
1716 2265 2029 2346 profectus
2075 2265 2186 2342 est,
2247 2281 2570 2345 nunquam
2623 2263 2814 2345 respi-

502 2365 648 2446 ciat,
695 2382 898 2429 nonne
942 2363 1050 2446 qui
1081 2363 1434 2428 Panchaiae
1476 2363 1690 2428 telluri
1733 2352 2062 2443 irascatur,
2114 2364 2283 2447 quod
2327 2382 2605 2430 murram
2651 2363 2817 2428 ferat

501 2483 558 2530 v.
614 2465 768 2544 309,
848 2462 1014 2530 idem
1079 2465 1294 2547 postea
1356 2464 1756 2548 neglegenter
1817 2466 2036 2532 scribit
2090 2465 2411 2550 Myrrham
2480 2463 2811 2531 Panchaea

500 2586 650 2631 rura
709 2566 1030 2651 reliquisse
1083 2567 1146 2630 et
1203 2566 1442 2633 Sabaea
1493 2567 1702 2649 potius
1756 2569 1924 2633 terra
1980 2568 2207 2632 fessam
2260 2566 2517 2631 tandem
2568 2566 2811 2649 requie-

501 2668 707 2733 visse?
790 2668 888 2732 An
953 2666 1032 2733 ad
1089 2666 1288 2733 Servii
1355 2669 1563 2733 locum
1630 2669 1844 2753 (Verg.
1890 2667 2115 2751 Georg.
2161 2668 2245 2746 II,
2295 2666 2471 2749 115):
2536 2665 2809 2731 ‘Arabia

501 2768 820 2833 Panchaia
864 2769 926 2832 et
971 2767 1350 2834 Sabaeorum
1394 2789 1544 2853 gens
1592 2770 1803 2836 eadem
1850 2771 1962 2853 est,
2008 2769 2175 2853 apud
2221 2788 2407 2852 quam
2452 2769 2557 2832 tus
2604 2768 2811 2833 nasci-

501 2869 632 2933 tur'
685 2868 954 2952 refugies
1000 2869 1063 2933 et
1105 2870 1375 2953 puellam
1424 2872 1607 2954 quasi
1651 2872 1717 2935 in
1760 2890 1915 2955 gyro
1960 2871 2426 2949 circumactam,
2472 2869 2637 2934 unde
2664 2887 2811 2950 pro-

501 2970 665 3035 fecta
708 2969 810 3048 sit,
875 2970 1086 3035 eodem
1134 2972 1364 3036 reverti
1407 2972 1693 3039 statues?
1780 2973 1981 3037 Immo
2037 2991 2177 3038 cum
2235 2971 2431 3037 totius
2487 2970 2611 3035 loci
2662 2986 2811 3033 con—

501 3070 796 3135 formatio
841 3071 1213 3152 argumento
1258 3072 1342 3136 sit
1372 3071 1671 3137 Ovidium
1712 3073 1817 3137 hic
1859 3072 2189 3137 discrimen
2221 3070 2440 3137 fecisse
2468 3070 2636 3133 inter
2664 3067 2809 3133 illas

499 3171 732 3254 gentes,
777 3169 964 3253 fugae
1004 3170 1316 3237 fictionem
1361 3174 1530 3239 haud
1570 3173 1898 3239 fortuitam
1948 3192 2075 3239 esse
2119 3170 2502 3237 crediderim.
2593 3167 2813 3233 Potuit

500 3290 649 3337 sane
693 3271 985 3348 LibanuS,
1033 3292 1190 3357 quae
1236 3275 1329 3340 est
1374 3275 1625 3340 fabulae
1670 3293 1893 3339 scaena
1939 3273 2104 3356 apud
2150 3270 2561 3349 Antoninum,
2608 3270 2665 3335 ei
2698 3270 2812 3333 ob-

499 3371 765 3447 versari;
811 3371 1033 3439 Sabaei
1077 3376 1242 3440 enim
1285 3375 1621 3441 secundum
1667 3374 1981 3440 Isidorum
2028 3374 2225 3458 (Orig.
2271 3374 2351 3453 X,
2396 3374 2477 3461 2&
2501 3371 2611 3449 49)
2653 3368 2809 3451 ‘ipsi

495 3474 648 3538 sunt
700 3474 762 3538 et
804 3474 1059 3559 Arabes,
1126 3477 1234 3559 qui
1286 3478 1351 3541 in
1407 3477 1724 3542 montibus
1769 3476 2041 3542 Arabiae
2096 3478 2262 3555 sunt,
2330 3473 2438 3558 qui
2497 3474 2809 3539 vocantur

706 3710 727 3743 ¹
763 3710 952 3765 Unum
989 3710 1095 3765 hoe
1128 3710 1364 3765 tradunt
1398 3716 1692 3781 praeterea
1728 3710 2133 3781 Mythographi
2170 3708 2449 3764 Vaticani.

701 3800 724 3833 ²
764 3799 1084 3853 Antoninus
1139 3803 1360 3868 patrem
1412 3804 1655 3855 mortem
1710 3804 1909 3869 sponte
1970 3799 2268 3869 sumpsisse
2320 3796 2605 3867 perhibet3
2668 3795 2809 3851 item

503 3886 758 3958 Hyginus
795 3886 834 3941 f.
879 3889 1003 3941 242.

699 3976 721 4007 ⁸
757 3974 1119 4031 Nemesianus
1159 3976 1424 4047 Cyneget.
1460 3994 1514 4031 v.
1555 3978 1624 4029 26
1662 3994 1771 4045 sq.:

799 4061 1066 4130 Byblidos
1103 4063 1377 4118 indictum
1415 4063 1560 4117 nulli
1598 4064 1805 4118 scelus:
1844 4064 2019 4133 impia
2054 4064 2318 4133 Myrrhae

801 4151 1082 4206 connubia
1114 4156 1172 4206 et
1208 4169 1372 4206 saevo
1396 4153 1685 4207 violatum
1724 4152 1957 4206 crimine
1992 4157 2215 4222 patrem

797 4240 1072 4304 novimus,
1109 4243 1284 4307 utque
1321 4239 1577 4294 Arabum
1614 4239 1835 4310 fugiens
1874 4257 1998 4294 cum
2036 4244 2294 4311 carperet
2332 4256 2466 4293 arva

798 4326 906 4382 ivit
941 4328 1002 4381 in
1038 4327 1300 4382 arboreas
1338 4327 1567 4382 frondes
1607 4329 1961 4397 animamque
1995 4329 2275 4383 virentem

498 4412 764 4468 Ovidium
801 4420 935 4469 ante
972 4416 1160 4469 oculos
1197 4415 1459 4470 habuisse
1497 4416 1723 4470 videtur
1760 4416 1848 4482 (cf.
1889 4416 1988 4471 Ov.
2028 4419 2153 4471 Art.
2190 4420 2315 4472 Am.
2353 4418 2398 4487 Ι,
2436 4418 2541 4470 283
2580 4417 2707 4486 sq.).
