3157 5028
1580 357 1649 410 14

459 526 596 591 tota
659 527 813 592 haec
881 527 1324 592 commentatio
1381 531 1664 594 servatae
1728 514 1977 596 fabulae
2043 532 2223 614 quasi
2282 532 2478 596 solido
2541 531 2761 596 funda-

459 629 688 711 mento,
761 627 841 694 ad
908 629 1073 711 quod
1131 648 1370 712 semper
1425 631 1721 713 respiciat
1768 667 1841 676 --
1889 651 2133 697 necesse
2176 635 2269 697 est
2312 633 2575 716 tangam
2622 635 2762 698 sub-

460 727 779 794 difficilem
821 729 950 794 eius
995 749 1252 795 scaenae
1294 731 1889 813 interpretationem,
1937 734 2001 798 in
2050 753 2175 816 qua
2215 733 2499 798 Phaedra
2546 735 2607 798 et
2644 753 2762 797 nu-

458 829 582 894 trix
645 830 806 895 inter
878 849 942 896 se
1013 831 1426 915 altercantur,
1493 833 1832 916 antequam
1902 834 2055 899 haec
2118 835 2531 918 Hippolytum
2605 834 2755 899 adit.

456 931 661 1010 Viam,
719 951 842 1014 qua
900 933 1419 1014 progrediendum
1474 935 1585 1014 est,
1654 935 2073 1000 Wilamowitz
2126 936 2443 1018 ingeniose
2487 936 2759 1000 munivit

457 1034 670 1112 (Anal.
716 1034 862 1098 Eur.
909 1053 966 1115 p.
1013 1035 1137 1098 209
1182 1033 1338 1116 sq.):
1394 1036 1629 1100 Parum
1684 1036 2042 1101 satisfacere
2087 1037 2404 1119 volgarem
2460 1038 2756 1119 interpre-

453 1135 787 1200 tationem:
849 1135 1159 1200 insontem
1218 1155 1346 1201 esse
1405 1137 1773 1217 Phaedram,
1834 1137 2159 1202 convenire
2211 1139 2267 1202 ei
2312 1157 2453 1202 cum
2498 1138 2757 1216 nutrice,

454 1236 526 1298 ut
572 1235 1019 1300 medicamento
1064 1256 1335 1302 amorem
1383 1240 1626 1319 pectore
1668 1257 1778 1302 suo
1826 1239 2111 1319 expellat,
2172 1239 2370 1322 decipi
2414 1260 2451 1304 a
2496 1239 2755 1316 nutrice,

454 1337 686 1417 perire;
749 1336 942 1402 immo
985 1337 1412 1418 περιπέτειαν
1461 1339 1775 1422 quandam
1838 1339 1904 1402 in
1952 1339 2273 1405 Phaedrae
2314 1341 2587 1406 moribus
2646 1360 2756 1423 ap-

453 1438 870 1520 propinquare
914 1439 1163 1521 poetam
1209 1440 1362 1504 satis
1407 1441 1617 1522 aperte
1656 1438 1950 1519 indicare,
1996 1441 2103 1522 qui
2134 1444 2447 1523 praeterea
2476 1441 2756 1506 divinam

452 1538 629 1604 illam
681 1558 997 1619 scaenam,
1071 1560 1194 1622 qua
1238 1541 1524 1606 Phaedra
1567 1561 1777 1606 amore
1820 1541 2031 1606 saucia
2076 1560 2297 1606 nomen
2344 1543 2500 1621 eiuS,
2573 1563 2754 1626 quem

455 1639 713 1721 deperit,
782 1641 1034 1720 fatetur,
1101 1641 1168 1705 in
1212 1641 1541 1726 Hippolyti
1606 1642 1884 1707 fabulam
1940 1662 2062 1707 non
2108 1643 2475 1721 admisisset,
2520 1644 2641 1708 nisi
2686 1644 2757 1707 ut

453 1743 837 1823 proponeret,
905 1745 1211 1825 quomodo
1279 1745 1502 1809 mulier
1567 1747 1785 1809 contra
1846 1746 2075 1810 amoris
2128 1740 2488 1810 violentiam
2532 1764 2751 1827 parum

453 1842 634 1907 fortis
677 1843 1117 1926 pedetemptim
1170 1847 1234 1910 et
1287 1847 1467 1929 quasi
1522 1865 1628 1928 per
1670 1846 1903 1930 gradus
1948 1847 2024 1911 ad
2074 1849 2251 1912 atrox
2295 1846 2537 1912 facinus
2582 1846 2755 1910 dela-

452 1944 716 2009 beretur.
768 1981 836 1988 ——
889 1946 1227 2026 HactenuS,
1273 1947 1381 2030 qui
1427 1965 1548 2012 non
1596 1949 1722 2011 stat
1768 1966 1805 2011 a
1853 1947 1971 2011 viri
2016 1947 2250 2030 egregii
2280 1948 2578 2029 partibuS,
2624 1947 2755 2012 eius

451 2044 755 2110 iudicium
797 2047 863 2111 in
909 2063 1150 2112 summo
1199 2051 1415 2131 poetae
1465 2049 1695 2130 tragici
1738 2048 2005 2113 artificio
2050 2049 2513 2131 interpretando
2542 2067 2756 2114 occae-

453 2147 661 2212 catum
709 2148 819 2213 est.
901 2149 1202 2214 Attamen
1248 2149 1354 2214 ille
1394 2151 1460 2213 in
1505 2150 1769 2232 singulis
1815 2150 2074 2214 ulterius
2118 2155 2475 2232 progressus
2520 2150 2752 2213 metam

456 2267 577 2313 non
641 2249 882 2332 attigit.
993 2251 1312 2315 Audacem
1374 2253 1694 2333 praeterea
1762 2250 2062 2318 medelam
2114 2270 2403 2315 versuum
2470 2248 2608 2314 sede
2654 2250 2752 2313 hic

450 2349 584 2414 illic
645 2350 948 2417 mutanda
1016 2352 1304 2416 adhibuit
1359 2372 1465 2434 per
1508 2373 1571 2418 se
1616 2372 1836 2434 parum
1875 2353 2005 2416 veri
2049 2352 2335 2430 similem,
2383 2370 2523 2416 cum
2567 2350 2751 2414 huius

450 2468 706 2517 scaenae
734 2452 1013 2518 turbatio
1060 2455 1204 2519 ante
1245 2455 1446 2538 legem
1491 2455 1875 2538 Lycurgeam
1927 2473 1997 2519 ex
2039 2453 2231 2536 ipsius
2276 2453 2583 2518 sententia
2614 2451 2753 2518 orta

451 2551 858 2617 histrionibus
901 2554 1288 2619 obtrudenda
1333 2558 1509 2633 esset,
1587 2556 1694 2638 qui
1750 2557 1863 2620 aut
1917 2573 2234 2637 nunquam
2285 2555 2397 2618 aut
2438 2552 2751 2618 rarissime

450 2672 742 2717 versuum
784 2654 1058 2720 ordinem
1100 2659 1344 2720 mutare
1387 2656 1689 2731 solebant,
1739 2656 1811 2719 ut-
1857 2654 2141 2720 Wheeler
2186 2653 2253 2734 (l.
2299 2654 2341 2717 l.
2386 2672 2443 2735 p.
2485 2656 2595 2729 55)
2642 2653 2751 2717 ob·-

451 2756 742 2820 servavit.
809 2757 984 2837 Nego
1019 2755 1239 2823 deinde
1283 2759 1444 2823 hanc
1487 2752 1773 2823 medendi
1815 2757 2122 2822 rationem
2154 2756 2562 2821 necessariam
2590 2773 2749 2829 esse3

454 2857 742 2939 quocirca
805 2857 868 2921 in
940 2858 1192 2941 singula
1237 2859 1422 2923 huius
1467 2859 1718 2924 fabulae
1762 2859 1959 2941 partis
2003 2858 2181 2940 quasi
2228 2858 2603 2923 lineamenta
2657 2855 2751 2919 in·

452 2958 694 3040 quirere
737 2978 887 3041 opus
932 2961 1042 3025 est.
1096 2996 1164 3005 --
1219 2960 1449 3025 Nutrix
1492 2978 1633 3025 erae
1677 2960 2086 3043 cogitationes
2134 2979 2170 3023 a
2205 2961 2404 3023 morte
2442 2958 2521 3022 ad
2552 2957 2747 3021 vitam

449 3078 737 3125 revocare
788 3062 850 3125 et
906 3062 1293 3127 honestatem
1353 3062 1431 3127 ad
1483 3061 1683 3126 scelus
1740 3061 2049 3126 declinare
2100 3060 2310 3124 studet
2360 3078 2411 3123 V.
2455 3060 2578 3123 433
2627 3078 2747 3141 sq.;

452 3161 798 3226 rationibus
826 3181 1043 3244 nempe
1075 3162 1320 3241 fucatiS,
1366 3183 1525 3245 quae
1566 3162 1889 3227 vilioribus
1934 3161 2177 3226 naturis
2224 3180 2462 3243 semper
2504 3161 2747 3243 praesto

451 3264 622 3340 sunt,
678 3264 860 3345 urget
903 3264 1238 3330 dominam.
1327 3265 1492 3329 Nam
1547 3264 1602 3329 si
1664 3264 1801 3346 quis
1851 3262 2049 3329 amori
2092 3262 2436 3345 indulgeat,
2492 3261 2644 3344 quid
2680 3261 2749 3325 in

451 3381 519 3427 eo
565 3364 1044 3446 vituperandum
1091 3368 1264 3429 esse?
1366 3365 1626 3430 Frustra
1681 3366 1949 3447 pugnari
1994 3366 2210 3429 contra
2256 3363 2505 3428 Amoris
2551 3362 2749 3427 omni-

450 3464 720 3546 potentis
747 3464 894 3548 vim,
940 3466 1040 3531 cui
1085 3466 1182 3531 dei
1229 3466 1348 3549 ipsi
1393 3466 1634 3541 cedant.
1724 3465 1959 3546 Quibus
1991 3466 2339 3531 rationibus
2370 3485 2511 3530 cum
2541 3465 2746 3529 Phae-

451 3564 598 3629 drae
659 3565 860 3629 virtus
926 3586 1049 3631 non
1111 3568 1469 3632 debilitetur
1535 3604 1621 3613 —-
1684 3569 2035 3649 perseverat
2088 3568 2249 3633 enim
2304 3566 2371 3630 in
2414 3564 2745 3648 impudicis

452 3668 724 3732 consiliis
788 3668 1110 3734 reiciendis
1166 3690 1222 3733 v.
1262 3671 1388 3736 486
1431 3690 1522 3752 sq.
1595 3706 1672 3715 --
1741 3670 1867 3733 iam
1919 3670 2112 3732 sentit
2168 3669 2379 3732 nutrix
2423 3687 2575 3750 opus
2620 3684 2747 3731 esse

450 3767 807 3834 distinctius
849 3770 1042 3852 loqui.
1129 3771 1365 3836 Parata
1408 3774 1502 3837 est
1541 3772 1741 3854 igitur
1785 3773 1953 3835 recta
1998 3771 2100 3834 via
2148 3770 2226 3834 ad
2271 3769 2553 3834 iuvenem
2601 3787 2747 3832 con-

448 3871 700 3936 tendere
741 3872 918 3955 eique
947 3870 1265 3938 Phaedrae
1303 3891 1578 3937 amorem
1626 3871 1972 3954 patefacere
2018 3890 2074 3934 v.
2116 3871 2241 3934 490
2291 3890 2381 3953 sq.
2478 3870 2747 3934 Domina

445 3971 544 4038 ira
585 3973 926 4059 effervescit
969 3994 1026 4039 v.
1071 3974 1196 4039 498
1241 3993 1361 4056 sq.,
1436 3973 1646 4037 nutrix
1691 3974 1891 4038 denuo
1935 3974 2134 4038 instat
2176 3993 2233 4038 v.
2280 3973 2403 4037 500
2444 3990 2563 4053 sq.,
2610 3973 2746 4032 tum

449 4092 593 4139 vero
637 4073 921 4139 Phaedra
978 4073 997 4097 ‘
1023 4076 1101 4140 ab
1165 4074 1295 4140 irae
1357 4075 1666 4140 caloribus
1733 4076 1811 4139 ad
1878 4075 2111 4140 flebiles
2154 4092 2361 4157 preces
2411 4070 2741 4147 delabitur,

450 4176 732 4240 concedit
789 4176 951 4241 bona
1005 4194 1133 4241 esse
1183 4178 1446 4243 nutricis
1487 4177 1747 4243 consilia
1792 4178 1898 4241 sed
1938 4176 2167 4259 turpia.
2257 4176 2490 4240 Tamen
2535 4174 2589 4238 si
2632 4172 2745 4237 illa

447 4278 582 4345 tam
627 4279 779 4343 bene
814 4277 1138 4351 defendere
1179 4280 1400 4361 pergat
1439 4279 1669 4360 turpia,
1717 4278 1917 4343 facere
1958 4296 2022 4341 se
2070 4296 2193 4341 non
2239 4294 2413 4357 posse
2456 4278 2605 4357 quin
2638 4274 2745 4350 eiS,

449 4397 608 4465 quae
651 4398 816 4444 nunc
859 4379 1084 4463 fugiat,
1135 4399 1200 4445 se
1241 4380 1463 4462 perimi
1506 4368 1835 4462 patiatur'.
1924 4378 2029 4444 Sic
2074 4397 2212 4442 cum
2261 4375 2744 4442 Wilamowitzio
