<?xml version="1.0" encoding="UTF-8"?>
<!DOCTYPE html PUBLIC "-//W3C//DTD XHTML 1.0 Transitional//EN"
    "http://www.w3.org/TR/xhtml1/DTD/xhtml1-transitional.dtd">
<html xmlns="http://www.w3.org/1999/xhtml" xml:lang="en" lang="en">
 <head>
  <title>
</title>
<meta http-equiv="Content-Type" content="text/html;charset=utf-8" />
  <meta name='ocr-system' content='tesseract 3.04.00' />
  <meta name='ocr-capabilities' content='ocr_page ocr_carea ocr_par ocr_line ocrx_word'/>
</head>
<body>
  <div class='ocr_page' id='page_1' title='image "./dehippolytiseur02kalkgoog_0035.png"; bbox 0 0 3157 5028; ppageno 0'>
   <div class='ocr_carea' id='block_1_1' title="bbox 1457 385 1524 440">
    <p class='ocr_par' dir='ltr' id='par_1_1' title="bbox 1457 385 1524 440">
     <span class='ocr_line' id='line_1_1' title="bbox 1457 385 1524 440; baseline -0.06 0"><span class='ocrx_word' id='word_1_1' title='bbox 1457 385 1524 440; x_wconf 81' lang='lat'>31</span> 
     </span>
    </p>
   </div>
   <div class='ocr_carea' id='block_1_2' title="bbox 329 551 2641 3872">
    <p class='ocr_par' dir='ltr' id='par_1_2' title="bbox 329 551 2641 3872">
     <span class='ocr_line' id='line_1_2' title="bbox 336 551 2636 636; baseline -0.001 -16"><span class='ocrx_word' id='word_1_2' title='bbox 336 557 460 620; x_wconf 89' lang='lat' dir='ltr'>Leo</span> <span class='ocrx_word' id='word_1_3' title='bbox 505 554 926 620; x_wconf 83' lang='lat' dir='ltr'>existumavit.</span> <span class='ocrx_word' id='word_1_4' title='bbox 997 554 1264 619; x_wconf 77' lang='lat' dir='ltr'><strong>Idoneus</strong></span> <span class='ocrx_word' id='word_1_5' title='bbox 1309 553 1528 618; x_wconf 86' lang='lat' dir='ltr'>auctor</span> <span class='ocrx_word' id='word_1_6' title='bbox 1570 571 1782 617; x_wconf 91' lang='lat' dir='ltr'>rursus</span> <span class='ocrx_word' id='word_1_7' title='bbox 1836 551 2097 618; x_wconf 89' lang='lat' dir='ltr'>Ovidius</span> <span class='ocrx_word' id='word_1_8' title='bbox 2140 553 2233 616; x_wconf 88' lang='lat' dir='ltr'>est</span> <span class='ocrx_word' id='word_1_9' title='bbox 2278 552 2636 636; x_wconf 84' lang='lat' dir='ltr'><strong>Euripidem</strong></span> 
     </span>
     <span class='ocr_line' id='line_1_3' title="bbox 337 653 2119 738; baseline -0.002 -18"><span class='ocrx_word' id='word_1_10' title='bbox 337 656 496 721; x_wconf 90' lang='lat' dir='ltr'>talia</span> <span class='ocrx_word' id='word_1_11' title='bbox 543 673 667 720; x_wconf 91' lang='lat' dir='ltr'>non</span> <span class='ocrx_word' id='word_1_12' title='bbox 710 655 1076 738; x_wconf 82' lang='lat' dir='ltr'>neglexisse3</span> <span class='ocrx_word' id='word_1_13' title='bbox 1121 673 1265 718; x_wconf 89' lang='lat' dir='ltr'>nam</span> <span class='ocrx_word' id='word_1_14' title='bbox 1314 654 1599 718; x_wconf 89' lang='lat' dir='ltr'>Phaedra</span> <span class='ocrx_word' id='word_1_15' title='bbox 1644 653 1863 718; x_wconf 76' lang='lat' dir='ltr'><strong>scribit</strong></span> <span class='ocrx_word' id='word_1_16' title='bbox 1906 672 1963 717; x_wconf 86' lang='lat' dir='ltr'>v.</span> <span class='ocrx_word' id='word_1_17' title='bbox 2010 653 2119 717; x_wconf 87' lang='lat'>87:</span> 
     </span>
     <span class='ocr_line' id='line_1_4' title="bbox 641 745 2285 836; baseline -0.001 -17"><span class='ocrx_word' id='word_1_18' title='bbox 641 745 648 750; x_wconf 73' lang='grc'><strong>’</strong></span> <span class='ocrx_word' id='word_1_19' title='bbox 693 755 858 836; x_wconf 80' lang='lat' dir='ltr'>Quid</span> <span class='ocrx_word' id='word_1_20' title='bbox 900 755 1081 821; x_wconf 86' lang='lat' dir='ltr'>iuvat</span> <span class='ocrx_word' id='word_1_21' title='bbox 1122 756 1434 820; x_wconf 78' lang='lat' dir='ltr'>incinctae</span> <span class='ocrx_word' id='word_1_22' title='bbox 1472 755 1682 820; x_wconf 88' lang='lat' dir='ltr'>studia</span> <span class='ocrx_word' id='word_1_23' title='bbox 1728 772 2001 820; x_wconf 84' lang='lat' dir='ltr'>exercere</span> <span class='ocrx_word' id='word_1_24' title='bbox 2044 753 2285 818; x_wconf 89' lang='lat' dir='ltr'>Dianae</span> 
     </span>
     <span class='ocr_line' id='line_1_5' title="bbox 837 855 2151 938; baseline -0.002 -16"><span class='ocrx_word' id='word_1_25' title='bbox 837 857 902 922; x_wconf 88' lang='lat' dir='ltr'>et</span> <span class='ocrx_word' id='word_1_26' title='bbox 945 857 1170 922; x_wconf 89' lang='lat' dir='ltr'>Veneri</span> <span class='ocrx_word' id='word_1_27' title='bbox 1215 874 1503 921; x_wconf 89' lang='lat' dir='ltr'>numeros</span> <span class='ocrx_word' id='word_1_28' title='bbox 1546 855 1843 938; x_wconf 81' lang='lat' dir='ltr'>eripuisse</span> <span class='ocrx_word' id='word_1_29' title='bbox 1888 858 2076 920; x_wconf 79' lang='lat' dir='ltr'>suos?</span> <span class='ocrx_word' id='word_1_30' title='bbox 2115 855 2151 919; x_wconf 89' lang='lat'>¹.</span> 
     </span>
     <span class='ocr_line' id='line_1_6' title="bbox 335 953 2639 1041; baseline -0.003 -15"><span class='ocrx_word' id='word_1_31' title='bbox 335 959 592 1026; x_wconf 86' lang='lat' dir='ltr'>Nutrici</span> <span class='ocrx_word' id='word_1_32' title='bbox 659 957 860 1041; x_wconf 86' lang='lat' dir='ltr'>igitur</span> <span class='ocrx_word' id='word_1_33' title='bbox 918 958 982 1021; x_wconf 92' lang='lat' dir='ltr'>in</span> <span class='ocrx_word' id='word_1_34' title='bbox 1023 958 1190 1023; x_wconf 91' lang='lat' dir='ltr'>hunc</span> <span class='ocrx_word' id='word_1_35' title='bbox 1230 956 1486 1022; x_wconf 89' lang='lat' dir='ltr'>modum</span> <span class='ocrx_word' id='word_1_36' title='bbox 1529 956 1999 1039; x_wconf 76' lang='lat' dir='ltr'>argumentanti</span> <span class='ocrx_word' id='word_1_37' title='bbox 2043 956 2177 1021; x_wconf 88' lang='lat' dir='ltr'>iure</span> <span class='ocrx_word' id='word_1_38' title='bbox 2220 953 2639 1020; x_wconf 87' lang='lat' dir='ltr'>adscribemus</span> 
     </span>
     <span class='ocr_line' id='line_1_7' title="bbox 334 1045 1446 1144; baseline -0.003 -18"><span class='ocrx_word' id='word_1_39' title='bbox 334 1061 456 1144; x_wconf 85' lang='lat' dir='ltr'>frg.</span> <span class='ocrx_word' id='word_1_40' title='bbox 497 1061 653 1125; x_wconf 87' lang='lat'>431:</span> <span class='ocrx_word' id='word_1_41' title='bbox 1441 1045 1446 1050; x_wconf 49' lang='grc'><strong>’</strong></span> 
     </span>
     <span class='ocr_line' id='line_1_8' title="bbox 677 1147 2247 1244; baseline -0.003 -21"><span class='ocrx_word' id='word_1_42' title='bbox 677 1152 739 1223; x_wconf 75' lang='grc' dir='ltr'>οἳ</span> <span class='ocrx_word' id='word_1_43' title='bbox 783 1153 904 1242; x_wconf 79' lang='grc' dir='ltr'>γὰρ</span> <span class='ocrx_word' id='word_1_44' title='bbox 952 1152 1220 1240; x_wconf 80' lang='grc' dir='ltr'><strong><em>Κύπριν</em></strong></span> <span class='ocrx_word' id='word_1_45' title='bbox 1265 1158 1619 1244; x_wconf 82' lang='grc' dir='ltr'><em>φεύγοντες</em></span> <span class='ocrx_word' id='word_1_46' title='bbox 1660 1147 2047 1239; x_wconf 63' lang='grc' dir='ltr'>ἀνθρώπων</span> <span class='ocrx_word' id='word_1_47' title='bbox 2089 1147 2247 1240; x_wconf 67' lang='grc' dir='ltr'><em>ἄγαν</em></span> 
     </span>
     <span class='ocr_line' id='line_1_9' title="bbox 672 1248 2094 1344; baseline 0.001 -22"><span class='ocrx_word' id='word_1_48' title='bbox 672 1260 933 1325; x_wconf 80' lang='grc' dir='ltr'><em>νοσοῦσ’</em></span> <span class='ocrx_word' id='word_1_49' title='bbox 983 1253 1232 1341; x_wconf 80' lang='grc' dir='ltr'><em>ὁμοίως</em></span> <span class='ocrx_word' id='word_1_50' title='bbox 1275 1263 1420 1336; x_wconf 85' lang='grc' dir='ltr'><em>τοῖς</em></span> <span class='ocrx_word' id='word_1_51' title='bbox 1455 1248 1616 1342; x_wconf 75' lang='grc' dir='ltr'><em>ὄὶγαν</em></span> <span class='ocrx_word' id='word_1_52' title='bbox 1658 1257 2094 1344; x_wconf 73' lang='grc' dir='ltr'><strong><em>θηρωμένοις.</em></strong></span> 
     </span>
     <span class='ocr_line' id='line_1_10' title="bbox 335 1355 2641 1444; baseline -0.003 -17"><span class='ocrx_word' id='word_1_53' title='bbox 335 1361 576 1427; x_wconf 87' lang='lat' dir='ltr'>Deinde</span> <span class='ocrx_word' id='word_1_54' title='bbox 621 1379 744 1426; x_wconf 91' lang='lat' dir='ltr'>non</span> <span class='ocrx_word' id='word_1_55' title='bbox 790 1378 1192 1444; x_wconf 86' lang='lat' dir='ltr'>praepropere</span> <span class='ocrx_word' id='word_1_56' title='bbox 1253 1360 1601 1426; x_wconf 87' lang='lat' dir='ltr'>coniectare</span> <span class='ocrx_word' id='word_1_57' title='bbox 1645 1361 1857 1426; x_wconf 87' lang='lat' dir='ltr'>videor</span> <span class='ocrx_word' id='word_1_58' title='bbox 1898 1357 2338 1440; x_wconf 84' lang='lat' dir='ltr'>Aristophanis</span> <span class='ocrx_word' id='word_1_59' title='bbox 2372 1355 2641 1421; x_wconf 78' lang='grc' dir='ltr'>Ἄδικον</span> 
     </span>
     <span class='ocr_line' id='line_1_11' title="bbox 333 1458 2636 1544; baseline -0.003 -16"><span class='ocrx_word' id='word_1_60' title='bbox 333 1463 730 1544; x_wconf 86' lang='lat' dir='ltr'>voluptatum</span> <span class='ocrx_word' id='word_1_61' title='bbox 801 1461 1230 1527; x_wconf 89' lang='lat' dir='ltr'>blandimenta</span> <span class='ocrx_word' id='word_1_62' title='bbox 1300 1461 1526 1526; x_wconf 82' lang='lat' dir='ltr'>vividis</span> <span class='ocrx_word' id='word_1_63' title='bbox 1593 1461 1903 1527; x_wconf 89' lang='lat' dir='ltr'>coloribus</span> <span class='ocrx_word' id='word_1_64' title='bbox 1969 1460 2403 1542; x_wconf 86' lang='lat' dir='ltr'>depingentem</span> <span class='ocrx_word' id='word_1_65' title='bbox 2453 1458 2636 1524; x_wconf 88' lang='lat' dir='ltr'>hasce</span> 
     </span>
     <span class='ocr_line' id='line_1_12' title="bbox 333 1562 2245 1654; baseline -0.002 -26"><span class='ocrx_word' id='word_1_66' title='bbox 333 1564 598 1628; x_wconf 87' lang='lat' dir='ltr'>nutricis</span> <span class='ocrx_word' id='word_1_67' title='bbox 642 1564 808 1628; x_wconf 84' lang='lat' dir='ltr'>artes</span> <span class='ocrx_word' id='word_1_68' title='bbox 853 1563 1206 1629; x_wconf 83' lang='lat' dir='ltr'>cavillando</span> <span class='ocrx_word' id='word_1_69' title='bbox 1253 1563 1550 1654; x_wconf 82' lang='lat' dir='ltr'>respicere</span> <span class='ocrx_word' id='word_1_70' title='bbox 1594 1563 1758 1630; x_wconf 89' lang='lat' dir='ltr'>Nub.</span> <span class='ocrx_word' id='word_1_71' title='bbox 1804 1581 1861 1626; x_wconf 82' lang='lat' dir='ltr'>v.</span> <span class='ocrx_word' id='word_1_72' title='bbox 1910 1562 2067 1626; x_wconf 90' lang='lat'>1071</span> <span class='ocrx_word' id='word_1_73' title='bbox 2114 1579 2245 1642; x_wconf 87' lang='lat' dir='ltr'>sq:</span> 
     </span>
     <span class='ocr_line' id='line_1_13' title="bbox 503 1655 2407 1748; baseline -0.002 -20"><span class='ocrx_word' id='word_1_74' title='bbox 503 1661 746 1744; x_wconf 83' lang='grc' dir='ltr'><strong><em>σκέψαι</em></strong></span> <span class='ocrx_word' id='word_1_75' title='bbox 789 1663 932 1747; x_wconf 77' lang='grc' dir='ltr'><em>γάρ,</em></span> <span class='ocrx_word' id='word_1_76' title='bbox 977 1687 1030 1726; x_wconf 92' lang='grc' dir='ltr'><em>ω</em></span> <span class='ocrx_word' id='word_1_77' title='bbox 1075 1657 1431 1746; x_wconf 84' lang='grc' dir='ltr'><strong><em>μειράκιον,</em></strong></span> <span class='ocrx_word' id='word_1_78' title='bbox 1479 1661 1546 1727; x_wconf 77' lang='grc' dir='ltr'>ἐν</span> <span class='ocrx_word' id='word_1_79' title='bbox 1584 1665 1680 1748; x_wconf 76' lang='grc' dir='ltr'>τῷ</span> <span class='ocrx_word' id='word_1_80' title='bbox 1724 1665 2097 1748; x_wconf 77' lang='grc' dir='ltr'><em>σωφρονεῖν</em></span> <span class='ocrx_word' id='word_1_81' title='bbox 2140 1655 2407 1726; x_wconf 80' lang='grc' dir='ltr'><em>α’παντα</em></span> 
     </span>
     <span class='ocr_line' id='line_1_14' title="bbox 501 1756 2305 1852; baseline -0.001 -24"><span class='ocrx_word' id='word_1_82' title='bbox 501 1758 776 1844; x_wconf 76' lang='grc' dir='ltr'><em>ἅνεστιν,</em></span> <span class='ocrx_word' id='word_1_83' title='bbox 822 1759 1075 1852; x_wconf 78' lang='grc' dir='ltr'><em>ἡδονῶν</em></span> <span class='ocrx_word' id='word_1_84' title='bbox 1117 1763 1188 1828; x_wconf 74' lang='grc' dir='ltr'>θ’</span> <span class='ocrx_word' id='word_1_85' title='bbox 1237 1758 1416 1829; x_wconf 78' lang='grc' dir='ltr'>ὅσων</span> <span class='ocrx_word' id='word_1_86' title='bbox 1459 1764 1717 1847; x_wconf 81' lang='grc' dir='ltr'><strong><em>μέλλεις</em></strong></span> <span class='ocrx_word' id='word_1_87' title='bbox 1756 1756 2305 1845; x_wconf 73' lang='grc' dir='ltr'>ἀποστερεῖσθαι,</span> 
     </span>
     <span class='ocr_line' id='line_1_15' title="bbox 505 1856 2531 1950; baseline -0 -22"><span class='ocrx_word' id='word_1_88' title='bbox 505 1865 782 1940; x_wconf 83' lang='grc' dir='ltr'><em>παίδων,</em></span> <span class='ocrx_word' id='word_1_89' title='bbox 825 1865 1160 1949; x_wconf 78' lang='grc' dir='ltr'><em>γυναικῶν,</em></span> <span class='ocrx_word' id='word_1_90' title='bbox 1208 1860 1562 1948; x_wconf 82' lang='grc' dir='ltr'><em>κοττάβων,</em></span> <span class='ocrx_word' id='word_1_91' title='bbox 1611 1856 1823 1950; x_wconf 72' lang='grc' dir='ltr'><em>ὄψων,</em></span> <span class='ocrx_word' id='word_1_92' title='bbox 1870 1866 2117 1944; x_wconf 80' lang='grc' dir='ltr'><em>πότων,</em></span> <span class='ocrx_word' id='word_1_93' title='bbox 2166 1863 2531 1945; x_wconf 82' lang='grc' dir='ltr'><em>καχασμῶν.</em></span> 
     </span>
     <span class='ocr_line' id='line_1_16' title="bbox 333 1965 2635 2049; baseline -0.003 -16"><span class='ocrx_word' id='word_1_94' title='bbox 333 1967 726 2033; x_wconf 87' lang='lat' dir='ltr'>Subaudisne</span> <span class='ocrx_word' id='word_1_95' title='bbox 795 1967 1003 2032; x_wconf 89' lang='lat' dir='ltr'>lenam</span> <span class='ocrx_word' id='word_1_96' title='bbox 1076 1967 1415 2049; x_wconf 88' lang='lat' dir='ltr'>pudicitiae</span> <span class='ocrx_word' id='word_1_97' title='bbox 1480 1966 1909 2033; x_wconf 84' lang='lat' dir='ltr'>insidiatorem</span> <span class='ocrx_word' id='word_1_98' title='bbox 1995 1967 2290 2032; x_wconf 89' lang='lat' dir='ltr'>caelibem</span> <span class='ocrx_word' id='word_1_99' title='bbox 2352 1965 2635 2029; x_wconf 88' lang='lat' dir='ltr'>iuvenem</span> 
     </span>
     <span class='ocr_line' id='line_1_17' title="bbox 329 2061 2637 2151; baseline -0.002 -19"><span class='ocrx_word' id='word_1_100' title='bbox 329 2068 398 2133; x_wconf 92' lang='lat' dir='ltr'>in</span> <span class='ocrx_word' id='word_1_101' title='bbox 443 2068 678 2151; x_wconf 85' lang='lat' dir='ltr'>gaudia</span> <span class='ocrx_word' id='word_1_102' title='bbox 733 2069 862 2133; x_wconf 89' lang='lat' dir='ltr'>vini</span> <span class='ocrx_word' id='word_1_103' title='bbox 905 2068 1285 2151; x_wconf 88' lang='lat' dir='ltr'>Venerisque</span> <span class='ocrx_word' id='word_1_104' title='bbox 1339 2069 1573 2134; x_wconf 87' lang='lat' dir='ltr'>illicere</span> <span class='ocrx_word' id='word_1_105' title='bbox 1618 2069 1947 2133; x_wconf 89' lang='lat' dir='ltr'>conantem</span> <span class='ocrx_word' id='word_1_106' title='bbox 1994 2066 2163 2150; x_wconf 90' lang='lat' dir='ltr'>(Sen.</span> <span class='ocrx_word' id='word_1_107' title='bbox 2209 2086 2267 2131; x_wconf 83' lang='lat' dir='ltr'>v.</span> <span class='ocrx_word' id='word_1_108' title='bbox 2305 2066 2430 2130; x_wconf 89' lang='grc'>444</span> <span class='ocrx_word' id='word_1_109' title='bbox 2473 2061 2637 2147; x_wconf 81' lang='lat' dir='ltr'>sq.)?</span> 
     </span>
     <span class='ocr_line' id='line_1_18' title="bbox 333 2165 2640 2253; baseline -0.003 -18"><span class='ocrx_word' id='word_1_110' title='bbox 333 2169 500 2235; x_wconf 86' lang='lat' dir='ltr'>Nam</span> <span class='ocrx_word' id='word_1_111' title='bbox 546 2169 713 2233; x_wconf 88' lang='lat' dir='ltr'>haud</span> <span class='ocrx_word' id='word_1_112' title='bbox 757 2169 1018 2234; x_wconf 82' lang='lat' dir='ltr'>fortuito</span> <span class='ocrx_word' id='word_1_113' title='bbox 1063 2170 1382 2252; x_wconf 83' lang='lat' dir='ltr'>stuprator</span> <span class='ocrx_word' id='word_1_114' title='bbox 1423 2169 1530 2234; x_wconf 89' lang='lat' dir='ltr'>ille</span> <span class='ocrx_word' id='word_1_115' title='bbox 1559 2169 1785 2233; x_wconf 87' lang='lat' dir='ltr'>incidit</span> <span class='ocrx_word' id='word_1_116' title='bbox 1823 2169 1888 2233; x_wconf 93' lang='lat' dir='ltr'>in</span> <span class='ocrx_word' id='word_1_117' title='bbox 1927 2165 2003 2232; x_wconf 82' lang='grc' dir='ltr'>τὸ</span> <span class='ocrx_word' id='word_1_118' title='bbox 2042 2169 2432 2253; x_wconf 85' lang='grc' dir='ltr'>σωφρονεῖν,</span> <span class='ocrx_word' id='word_1_119' title='bbox 2478 2165 2640 2246; x_wconf 79' lang='lat' dir='ltr'>Hip-</span> 
     </span>
     <span class='ocr_line' id='line_1_19' title="bbox 333 2267 2639 2370; baseline -0.001 -36"><span class='ocrx_word' id='word_1_120' title='bbox 333 2270 536 2353; x_wconf 83' lang='lat' dir='ltr'>polyti</span> <span class='ocrx_word' id='word_1_121' title='bbox 621 2270 938 2352; x_wconf 83' lang='lat' dir='ltr'>propriam</span> <span class='ocrx_word' id='word_1_122' title='bbox 1019 2270 1338 2336; x_wconf 85' lang='lat' dir='ltr'>virtutem.</span> <span class='ocrx_word' id='word_1_123' title='bbox 1474 2269 1900 2370; x_wconf 86' lang='lat' dir='ltr'>Consimiliter</span> <span class='ocrx_word' id='word_1_124' title='bbox 1974 2270 2185 2336; x_wconf 90' lang='lat' dir='ltr'>autem</span> <span class='ocrx_word' id='word_1_125' title='bbox 2266 2269 2455 2349; x_wconf 91' lang='lat' dir='ltr'>atque</span> <span class='ocrx_word' id='word_1_126' title='bbox 2530 2267 2639 2332; x_wconf 89' lang='lat' dir='ltr'>ille</span> 
     </span>
     <span class='ocr_line' id='line_1_20' title="bbox 333 2357 2639 2457; baseline -0.002 -24"><span class='ocrx_word' id='word_1_127' title='bbox 333 2370 613 2452; x_wconf 87' lang='lat' dir='ltr'>procedit</span> <span class='ocrx_word' id='word_1_128' title='bbox 671 2371 747 2436; x_wconf 89' lang='lat' dir='ltr'>ad</span> <span class='ocrx_word' id='word_1_129' title='bbox 803 2372 1066 2436; x_wconf 87' lang='lat' dir='ltr'>naturae</span> <span class='ocrx_word' id='word_1_130' title='bbox 1127 2372 1556 2438; x_wconf 87' lang='lat' dir='ltr'>necessitatem</span> <span class='ocrx_word' id='word_1_131' title='bbox 1586 2366 1761 2454; x_wconf 80' lang='grc' dir='ltr'>(τὰς</span> <span class='ocrx_word' id='word_1_132' title='bbox 1815 2370 1937 2454; x_wconf 83' lang='grc' dir='ltr'>τῆς</span> <span class='ocrx_word' id='word_1_133' title='bbox 2006 2365 2277 2457; x_wconf 81' lang='grc' dir='ltr'>φύσεως</span> <span class='ocrx_word' id='word_1_134' title='bbox 2358 2357 2639 2451; x_wconf 69' lang='grc' dir='ltr'><em>ἀνάγκας</em></span> 
     </span>
     <span class='ocr_line' id='line_1_21' title="bbox 333 2469 2637 2558; baseline 0 -21"><span class='ocrx_word' id='word_1_135' title='bbox 333 2491 390 2537; x_wconf 81' lang='lat' dir='ltr'>v.</span> <span class='ocrx_word' id='word_1_136' title='bbox 442 2469 630 2555; x_wconf 88' lang='lat'>1075)</span> <span class='ocrx_word' id='word_1_137' title='bbox 673 2473 884 2538; x_wconf 83' lang='lat' dir='ltr'>nutrix</span> <span class='ocrx_word' id='word_1_138' title='bbox 927 2473 1132 2558; x_wconf 85' lang='lat' dir='ltr'>pergit</span> <span class='ocrx_word' id='word_1_139' title='bbox 1170 2472 1309 2539; x_wconf 90' lang='lat' dir='ltr'>Sen.</span> <span class='ocrx_word' id='word_1_140' title='bbox 1356 2493 1413 2539; x_wconf 78' lang='lat' dir='ltr'>v,</span> <span class='ocrx_word' id='word_1_141' title='bbox 1468 2475 1590 2539; x_wconf 89' lang='grc'>451</span> <span class='ocrx_word' id='word_1_142' title='bbox 1640 2493 1766 2556; x_wconf 81' lang='lat' dir='ltr'>sq.:</span> <span class='ocrx_word' id='word_1_143' title='bbox 1805 2471 2077 2557; x_wconf 87' lang='lat' dir='ltr'>‘propria</span> <span class='ocrx_word' id='word_1_144' title='bbox 2120 2472 2445 2554; x_wconf 87' lang='lat' dir='ltr'>descripsit</span> <span class='ocrx_word' id='word_1_145' title='bbox 2488 2472 2637 2537; x_wconf 89' lang='lat' dir='ltr'>deus</span> 
     </span>
     <span class='ocr_line' id='line_1_22' title="bbox 335 2562 2639 2658; baseline -0.001 -18"><span class='ocrx_word' id='word_1_146' title='bbox 335 2574 560 2640; x_wconf 88' lang='lat' dir='ltr'>Officia</span> <span class='ocrx_word' id='word_1_147' title='bbox 633 2576 694 2640; x_wconf 91' lang='lat' dir='ltr'>et</span> <span class='ocrx_word' id='word_1_148' title='bbox 747 2594 970 2640; x_wconf 87' lang='lat' dir='ltr'>aevum</span> <span class='ocrx_word' id='word_1_149' title='bbox 1041 2594 1148 2657; x_wconf 90' lang='lat' dir='ltr'>per</span> <span class='ocrx_word' id='word_1_150' title='bbox 1215 2594 1356 2640; x_wconf 90' lang='lat' dir='ltr'>suos</span> <span class='ocrx_word' id='word_1_151' title='bbox 1401 2575 1581 2640; x_wconf 86' lang='lat' dir='ltr'>duxit</span> <span class='ocrx_word' id='word_1_152' title='bbox 1643 2576 1890 2658; x_wconf 85' lang='lat' dir='ltr'>gradus’</span> <span class='ocrx_word' id='word_1_153' title='bbox 1950 2594 2001 2641; x_wconf 89' lang='lat' dir='ltr'>e.</span> <span class='ocrx_word' id='word_1_154' title='bbox 2058 2594 2117 2657; x_wconf 92' lang='lat' dir='ltr'>q.</span> <span class='ocrx_word' id='word_1_155' title='bbox 2172 2593 2220 2638; x_wconf 91' lang='lat' dir='ltr'>s.</span> <span class='ocrx_word' id='word_1_156' title='bbox 2237 2576 2280 2640; x_wconf 94' lang='grc'>2.</span> <span class='ocrx_word' id='word_1_157' title='bbox 2361 2562 2639 2650; x_wconf 74' lang='grc' dir='ltr'>’Ἀδικος</span> 
     </span>
     <span class='ocr_line' id='line_1_23' title="bbox 331 2675 2636 2759; baseline 0 -20"><span class='ocrx_word' id='word_1_158' title='bbox 331 2675 598 2758; x_wconf 87' lang='lat' dir='ltr'>denique</span> <span class='ocrx_word' id='word_1_159' title='bbox 683 2677 1110 2742; x_wconf 84' lang='lat' dir='ltr'>moechantem</span> <span class='ocrx_word' id='word_1_160' title='bbox 1197 2677 1276 2741; x_wconf 92' lang='lat' dir='ltr'>ad</span> <span class='ocrx_word' id='word_1_161' title='bbox 1348 2677 1560 2743; x_wconf 85' lang='lat' dir='ltr'>Iovem</span> <span class='ocrx_word' id='word_1_162' title='bbox 1642 2694 1977 2759; x_wconf 88' lang='lat' dir='ltr'>provocare</span> <span class='ocrx_word' id='word_1_163' title='bbox 2070 2675 2243 2739; x_wconf 88' lang='lat' dir='ltr'>iubet</span> <span class='ocrx_word' id='word_1_164' title='bbox 2314 2676 2636 2757; x_wconf 85' lang='lat' dir='ltr'>v.1080‚</span> 
     </span>
     <span class='ocr_line' id='line_1_24' title="bbox 335 2774 2636 2859; baseline -0.001 -19"><span class='ocrx_word' id='word_1_165' title='bbox 335 2795 518 2859; x_wconf 88' lang='lat' dir='ltr'>quem</span> <span class='ocrx_word' id='word_1_166' title='bbox 563 2776 844 2841; x_wconf 85' lang='lat' dir='ltr'>Phaedra</span> <span class='ocrx_word' id='word_1_167' title='bbox 888 2777 1108 2843; x_wconf 85' lang='lat' dir='ltr'>laudat</span> <span class='ocrx_word' id='word_1_168' title='bbox 1151 2777 1315 2859; x_wconf 89' lang='lat' dir='ltr'>apud</span> <span class='ocrx_word' id='word_1_169' title='bbox 1361 2776 1657 2843; x_wconf 86' lang='lat' dir='ltr'>Senecam</span> <span class='ocrx_word' id='word_1_170' title='bbox 1706 2797 1763 2843; x_wconf 88' lang='lat' dir='ltr'>v.</span> <span class='ocrx_word' id='word_1_171' title='bbox 1809 2776 1945 2855; x_wconf 84' lang='lat'>187,</span> <span class='ocrx_word' id='word_1_172' title='bbox 1992 2776 2203 2840; x_wconf 82' lang='lat' dir='ltr'>nutrix</span> <span class='ocrx_word' id='word_1_173' title='bbox 2242 2775 2407 2857; x_wconf 89' lang='lat' dir='ltr'>apud</span> <span class='ocrx_word' id='word_1_174' title='bbox 2451 2774 2636 2838; x_wconf 84' lang='lat' dir='ltr'>Euri-</span> 
     </span>
     <span class='ocr_line' id='line_1_25' title="bbox 332 2868 2636 2960; baseline -0.001 -19"><span class='ocrx_word' id='word_1_175' title='bbox 332 2878 539 2960; x_wconf 86' lang='lat' dir='ltr'>pidem</span> <span class='ocrx_word' id='word_1_176' title='bbox 599 2897 658 2942; x_wconf 87' lang='lat' dir='ltr'>v.</span> <span class='ocrx_word' id='word_1_177' title='bbox 701 2879 845 2945; x_wconf 86' lang='lat'>453.</span> <span class='ocrx_word' id='word_1_178' title='bbox 947 2878 1211 2944; x_wconf 77' lang='lat' dir='ltr'>Perorat</span> <span class='ocrx_word' id='word_1_179' title='bbox 1276 2880 1383 2944; x_wconf 85' lang='lat' dir='ltr'>ille</span> <span class='ocrx_word' id='word_1_180' title='bbox 1441 2898 1499 2944; x_wconf 87' lang='lat' dir='ltr'>v.</span> <span class='ocrx_word' id='word_1_181' title='bbox 1548 2880 1737 2944; x_wconf 84' lang='lat'>1082:</span> <span class='ocrx_word' id='word_1_182' title='bbox 1826 2877 2038 2941; x_wconf 88' lang='grc' dir='ltr'><em>καίτοι</em></span> <span class='ocrx_word' id='word_1_183' title='bbox 2107 2870 2185 2941; x_wconf 78' lang='grc' dir='ltr'><em>σύ</em></span> <span class='ocrx_word' id='word_1_184' title='bbox 2252 2870 2500 2960; x_wconf 75' lang='grc' dir='ltr'><em>θνητὸς</em></span> <span class='ocrx_word' id='word_1_185' title='bbox 2542 2868 2636 2939; x_wconf 69' lang='grc' dir='ltr'>ὢν</span> 
     </span>
     <span class='ocr_line' id='line_1_26' title="bbox 332 2970 2633 3061; baseline -0.001 -19"><span class='ocrx_word' id='word_1_186' title='bbox 332 2980 510 3042; x_wconf 73' lang='grc' dir='ltr'><em>θεοῦ</em></span> <span class='ocrx_word' id='word_1_187' title='bbox 539 2978 690 3055; x_wconf 80' lang='grc' dir='ltr'>πῶς</span> <span class='ocrx_word' id='word_1_188' title='bbox 716 2978 943 3061; x_wconf 81' lang='grc' dir='ltr'><em>μεῖζον</em></span> <span class='ocrx_word' id='word_1_189' title='bbox 971 2972 1050 3041; x_wconf 69' lang='grc' dir='ltr'>ἂν</span> <span class='ocrx_word' id='word_1_190' title='bbox 1078 2972 1300 3044; x_wconf 81' lang='grc' dir='ltr'><em>δύναιο</em></span> <span class='ocrx_word' id='word_1_191' title='bbox 1312 3004 1334 3056; x_wconf 90' lang='grc'><em>,·</em></span> <span class='ocrx_word' id='word_1_192' title='bbox 1381 2982 1453 3044; x_wconf 80' lang='lat' dir='ltr'>ut</span> <span class='ocrx_word' id='word_1_193' title='bbox 1485 2981 1696 3045; x_wconf 79' lang='lat' dir='ltr'>nutrix</span> <span class='ocrx_word' id='word_1_194' title='bbox 1730 2980 1877 3044; x_wconf 87' lang='lat' dir='ltr'>Eur.</span> <span class='ocrx_word' id='word_1_195' title='bbox 1902 2979 2047 3061; x_wconf 88' lang='lat' dir='ltr'>Hip.</span> <span class='ocrx_word' id='word_1_196' title='bbox 2070 2978 2196 3042; x_wconf 88' lang='grc'>474</span> <span class='ocrx_word' id='word_1_197' title='bbox 2228 2996 2351 3060; x_wconf 88' lang='lat' dir='ltr'>sq.:</span> <span class='ocrx_word' id='word_1_198' title='bbox 2398 2978 2473 3041; x_wconf 88' lang='grc' dir='ltr'>οὐ</span> <span class='ocrx_word' id='word_1_199' title='bbox 2516 2970 2633 3059; x_wconf 79' lang='grc' dir='ltr'>γὰρ</span> 
     </span>
     <span class='ocr_line' id='line_1_27' title="bbox 332 3068 2635 3164; baseline 0.001 -24"><span class='ocrx_word' id='word_1_200' title='bbox 332 3068 490 3143; x_wconf 75' lang='grc' dir='ltr'><strong><em>ἷίλλο</em></strong></span> <span class='ocrx_word' id='word_1_201' title='bbox 533 3077 709 3164; x_wconf 75' lang='grc' dir='ltr'><strong><em>πλήν</em></strong></span> <span class='ocrx_word' id='word_1_202' title='bbox 745 3073 934 3163; x_wconf 71' lang='grc' dir='ltr'><strong><em>ὕβρις</em></strong></span> <span class='ocrx_word' id='word_1_203' title='bbox 969 3117 1048 3127; x_wconf 84' lang='grc'><strong>-</strong></span> <span class='ocrx_word' id='word_1_204' title='bbox 1076 3074 1216 3145; x_wconf 82' lang='grc' dir='ltr'><em>τάδ’</em></span> <span class='ocrx_word' id='word_1_205' title='bbox 1265 3078 1420 3160; x_wconf 77' lang='grc' dir='ltr'>ἐστι’,</span> <span class='ocrx_word' id='word_1_206' title='bbox 1467 3081 1748 3164; x_wconf 87' lang='grc' dir='ltr'><strong><em>κρείσσω</em></strong></span> <span class='ocrx_word' id='word_1_207' title='bbox 1796 3074 2123 3163; x_wconf 79' lang='grc' dir='ltr'><em>δαιμόνων</em></span> <span class='ocrx_word' id='word_1_208' title='bbox 2170 3069 2337 3143; x_wconf 83' lang='grc' dir='ltr'><strong><em>εἶναι</em></strong></span> <span class='ocrx_word' id='word_1_209' title='bbox 2376 3077 2635 3143; x_wconf 77' lang='grc' dir='ltr'>θέλειν.</span> 
     </span>
     <span class='ocr_line' id='line_1_28' title="bbox 336 3179 2636 3266; baseline -0.001 -20"><span class='ocrx_word' id='word_1_210' title='bbox 336 3180 722 3247; x_wconf 87' lang='lat' dir='ltr'>Ornamenta</span> <span class='ocrx_word' id='word_1_211' title='bbox 757 3181 1007 3265; x_wconf 87' lang='lat' dir='ltr'>quidem</span> <span class='ocrx_word' id='word_1_212' title='bbox 1054 3182 1238 3247; x_wconf 87' lang='lat' dir='ltr'>huius</span> <span class='ocrx_word' id='word_1_213' title='bbox 1283 3182 1424 3261; x_wconf 87' lang='lat' dir='ltr'>loci,</span> <span class='ocrx_word' id='word_1_214' title='bbox 1471 3202 1630 3266; x_wconf 90' lang='lat' dir='ltr'>quae</span> <span class='ocrx_word' id='word_1_215' title='bbox 1674 3182 1754 3249; x_wconf 87' lang='lat' dir='ltr'>ad</span> <span class='ocrx_word' id='word_1_216' title='bbox 1799 3183 2122 3265; x_wconf 70' lang='lat' dir='ltr'>vulgarem</span> <span class='ocrx_word' id='word_1_217' title='bbox 2152 3179 2636 3263; x_wconf 91' lang='lat' dir='ltr'>popularemque</span> 
     </span>
     <span class='ocr_line' id='line_1_29' title="bbox 338 3281 2635 3365; baseline -0.001 -19"><span class='ocrx_word' id='word_1_218' title='bbox 338 3282 764 3347; x_wconf 88' lang='lat' dir='ltr'>Romanorum</span> <span class='ocrx_word' id='word_1_219' title='bbox 828 3300 1073 3347; x_wconf 89' lang='lat' dir='ltr'>sensum</span> <span class='ocrx_word' id='word_1_220' title='bbox 1133 3284 1604 3350; x_wconf 86' lang='lat' dir='ltr'>accommodata</span> <span class='ocrx_word' id='word_1_221' title='bbox 1670 3286 1835 3362; x_wconf 90' lang='lat' dir='ltr'>sunt,</span> <span class='ocrx_word' id='word_1_222' title='bbox 1902 3284 1975 3347; x_wconf 89' lang='lat' dir='ltr'>ut</span> <span class='ocrx_word' id='word_1_223' title='bbox 2026 3282 2293 3365; x_wconf 85' lang='lat' dir='ltr'>agrestis</span> <span class='ocrx_word' id='word_1_224' title='bbox 2350 3281 2516 3345; x_wconf 89' lang='lat' dir='ltr'>vitae</span> <span class='ocrx_word' id='word_1_225' title='bbox 2560 3298 2635 3345; x_wconf 88' lang='lat' dir='ltr'>ac</span> 
     </span>
     <span class='ocr_line' id='line_1_30' title="bbox 337 3382 2633 3467; baseline -0.001 -20"><span class='ocrx_word' id='word_1_226' title='bbox 337 3383 686 3455; x_wconf 82' lang='lat' dir='ltr'>venationis</span> <span class='ocrx_word' id='word_1_227' title='bbox 729 3383 962 3465; x_wconf 83' lang='lat' dir='ltr'>gaudia</span> <span class='ocrx_word' id='word_1_228' title='bbox 1007 3384 1140 3449; x_wconf 85' lang='lat' dir='ltr'>fuse</span> <span class='ocrx_word' id='word_1_229' title='bbox 1188 3385 1498 3467; x_wconf 86' lang='lat' dir='ltr'>descripta</span> <span class='ocrx_word' id='word_1_230' title='bbox 1551 3386 1614 3451; x_wconf 89' lang='lat' dir='ltr'>et</span> <span class='ocrx_word' id='word_1_231' title='bbox 1658 3404 1881 3451; x_wconf 87' lang='lat' dir='ltr'>aureae</span> <span class='ocrx_word' id='word_1_232' title='bbox 1932 3383 2157 3449; x_wconf 87' lang='lat' dir='ltr'>aetatis</span> <span class='ocrx_word' id='word_1_233' title='bbox 2210 3382 2633 3447; x_wconf 86' lang='lat' dir='ltr'>felicissimam</span> 
     </span>
     <span class='ocr_line' id='line_1_31' title="bbox 337 3483 2633 3568; baseline -0.001 -21"><span class='ocrx_word' id='word_1_234' title='bbox 337 3483 760 3548; x_wconf 90' lang='lat' dir='ltr'>condicionem</span> <span class='ocrx_word' id='word_1_235' title='bbox 823 3484 1067 3549; x_wconf 82' lang='lat' dir='ltr'>tumida</span> <span class='ocrx_word' id='word_1_236' title='bbox 1133 3485 1404 3567; x_wconf 88' lang='lat' dir='ltr'>quadam</span> <span class='ocrx_word' id='word_1_237' title='bbox 1466 3486 1761 3568; x_wconf 91' lang='lat' dir='ltr'>loquendi</span> <span class='ocrx_word' id='word_1_238' title='bbox 1828 3484 2195 3568; x_wconf 87' lang='lat' dir='ltr'>profluentia</span> <span class='ocrx_word' id='word_1_239' title='bbox 2253 3483 2633 3560; x_wconf 84' lang='lat' dir='ltr'>exornatam,</span> 
     </span>
     <span class='ocr_line' id='line_1_32' title="bbox 333 3581 2631 3669; baseline -0.001 -22"><span class='ocrx_word' id='word_1_240' title='bbox 333 3581 598 3648; x_wconf 88' lang='lat' dir='ltr'>Senecae</span> <span class='ocrx_word' id='word_1_241' title='bbox 628 3584 912 3649; x_wconf 86' lang='lat' dir='ltr'>officinae</span> <span class='ocrx_word' id='word_1_242' title='bbox 941 3602 1064 3649; x_wconf 91' lang='lat' dir='ltr'>non</span> <span class='ocrx_word' id='word_1_243' title='bbox 1093 3587 1353 3667; x_wconf 83' lang='lat' dir='ltr'>gravate</span> <span class='ocrx_word' id='word_1_244' title='bbox 1405 3584 1669 3669; x_wconf 85' lang='lat' dir='ltr'>largior,</span> <span class='ocrx_word' id='word_1_245' title='bbox 1726 3586 2090 3669; x_wconf 84' lang='lat' dir='ltr'>praesertim</span> <span class='ocrx_word' id='word_1_246' title='bbox 2121 3602 2263 3648; x_wconf 90' lang='lat' dir='ltr'>cum</span> <span class='ocrx_word' id='word_1_247' title='bbox 2308 3582 2386 3649; x_wconf 90' lang='lat' dir='ltr'>ad</span> <span class='ocrx_word' id='word_1_248' title='bbox 2437 3582 2631 3647; x_wconf 85' lang='lat' dir='ltr'>versi-</span> 
     </span>
     <span class='ocr_line' id='line_1_33' title="bbox 336 3682 2633 3771; baseline 0 -24"><span class='ocrx_word' id='word_1_249' title='bbox 336 3683 602 3749; x_wconf 89' lang='lat' dir='ltr'>colorem</span> <span class='ocrx_word' id='word_1_250' title='bbox 663 3686 834 3749; x_wconf 92' lang='lat' dir='ltr'>illius</span> <span class='ocrx_word' id='word_1_251' title='bbox 900 3686 1128 3751; x_wconf 88' lang='lat' dir='ltr'>aetatis</span> <span class='ocrx_word' id='word_1_252' title='bbox 1191 3686 1667 3769; x_wconf 84' lang='lat' dir='ltr'>descriptionem</span> <span class='ocrx_word' id='word_1_253' title='bbox 1733 3688 1977 3771; x_wconf 85' lang='lat' dir='ltr'>tragico</span> <span class='ocrx_word' id='word_1_254' title='bbox 2040 3690 2259 3768; x_wconf 89' lang='lat' dir='ltr'>poetae</span> <span class='ocrx_word' id='word_1_255' title='bbox 2324 3682 2633 3767; x_wconf 77' lang='lat' dir='ltr'>elegiae-us</span> 
     </span>
     <span class='ocr_line' id='line_1_34' title="bbox 335 3782 2635 3872; baseline 0 -24"><span class='ocrx_word' id='word_1_256' title='bbox 335 3782 858 3853; x_wconf 87' lang='lat' dir='ltr'>Ovidiuscolores</span> <span class='ocrx_word' id='word_1_257' title='bbox 887 3795 1137 3854; x_wconf 87' lang='lat' dir='ltr'>mutuos</span> <span class='ocrx_word' id='word_1_258' title='bbox 1157 3787 1460 3869; x_wconf 78' lang='lat' dir='ltr'>dederit⁸;</span> <span class='ocrx_word' id='word_1_259' title='bbox 1508 3789 1797 3872; x_wconf 87' lang='lat' dir='ltr'>quamvis</span> <span class='ocrx_word' id='word_1_260' title='bbox 1826 3789 2007 3853; x_wconf 89' lang='lat' dir='ltr'>huius</span> <span class='ocrx_word' id='word_1_261' title='bbox 2037 3786 2281 3871; x_wconf 87' lang='lat' dir='ltr'>generis</span> <span class='ocrx_word' id='word_1_262' title='bbox 2310 3785 2635 3868; x_wconf 87' lang='lat' dir='ltr'>pigmenta</span> 
     </span>
    </p>
   </div>
   <div class='ocr_carea' id='block_1_3' title="bbox 2464 1155 2491 1186">
    <p class='ocr_par' dir='ltr' id='par_1_3' title="bbox 2464 1155 2491 1186">
     <span class='ocr_line' id='line_1_35' title="bbox 2464 1155 2491 1186; baseline 0 0"><span class='ocrx_word' id='word_1_263' title='bbox 2464 1155 2491 1186; x_wconf 60' lang='grc' dir='ltr'>ί</span> 
     </span>
    </p>
   </div>
   <div class='ocr_carea' id='block_1_4' title="bbox 339 3904 734 3913">
    <p class='ocr_par' dir='ltr' id='par_1_4' title="bbox 339 3904 734 3913">
     <span class='ocr_line' id='line_1_36' title="bbox 339 3904 734 3913; baseline 0 1115"><span class='ocrx_word' id='word_1_264' title='bbox 339 3904 734 3913; x_wconf 95' lang='lat' dir='ltr'> </span> 
     </span>
    </p>
   </div>
   <div class='ocr_carea' id='block_1_5' title="bbox 335 3969 2635 4491">
    <p class='ocr_par' dir='ltr' id='par_1_5' title="bbox 335 3969 2635 4491">
     <span class='ocr_line' id='line_1_37' title="bbox 541 3969 2635 4045; baseline 0.007 -22"><span class='ocrx_word' id='word_1_265' title='bbox 541 3970 560 4003; x_wconf 91' lang='lat'>¹</span> <span class='ocrx_word' id='word_1_266' title='bbox 605 3969 664 4024; x_wconf 89' lang='lat' dir='ltr'>Si</span> <span class='ocrx_word' id='word_1_267' title='bbox 685 3970 890 4026; x_wconf 85' lang='lat' dir='ltr'>Seneca</span> <span class='ocrx_word' id='word_1_268' title='bbox 925 3971 1075 4027; x_wconf 89' lang='lat' dir='ltr'>hunc</span> <span class='ocrx_word' id='word_1_269' title='bbox 1099 3973 1280 4043; x_wconf 86' lang='lat' dir='ltr'>ipsum</span> <span class='ocrx_word' id='word_1_270' title='bbox 1309 3974 1494 4029; x_wconf 87' lang='lat' dir='ltr'>Ovidii</span> <span class='ocrx_word' id='word_1_271' title='bbox 1531 3977 1716 4032; x_wconf 89' lang='lat' dir='ltr'>locum</span> <span class='ocrx_word' id='word_1_272' title='bbox 1742 3980 1877 4031; x_wconf 90' lang='lat' dir='ltr'>ante</span> <span class='ocrx_word' id='word_1_273' title='bbox 1914 3976 2101 4033; x_wconf 84' lang='lat' dir='ltr'>oculos</span> <span class='ocrx_word' id='word_1_274' title='bbox 2138 3979 2443 4045; x_wconf 85' lang='lat' dir='ltr'>habuisset,</span> <span class='ocrx_word' id='word_1_275' title='bbox 2483 3986 2635 4038; x_wconf 87' lang='lat' dir='ltr'>certe</span> 
     </span>
     <span class='ocr_line' id='line_1_38' title="bbox 335 4058 2223 4137; baseline 0.007 -26"><span class='ocrx_word' id='word_1_276' title='bbox 335 4074 450 4112; x_wconf 90' lang='lat' dir='ltr'>non</span> <span class='ocrx_word' id='word_1_277' title='bbox 491 4058 752 4128; x_wconf 87' lang='lat' dir='ltr'>lepidam,</span> <span class='ocrx_word' id='word_1_278' title='bbox 789 4077 958 4129; x_wconf 87' lang='lat' dir='ltr'>quam</span> <span class='ocrx_word' id='word_1_279' title='bbox 997 4062 1094 4115; x_wconf 86' lang='lat' dir='ltr'>ille</span> <span class='ocrx_word' id='word_1_280' title='bbox 1131 4062 1396 4131; x_wconf 82' lang='lat' dir='ltr'>adnectit,</span> <span class='ocrx_word' id='word_1_281' title='bbox 1432 4066 1825 4120; x_wconf 82' lang='lat' dir='ltr'>sententiolam</span> <span class='ocrx_word' id='word_1_282' title='bbox 1862 4067 2223 4137; x_wconf 85' lang='lat' dir='ltr'>neglexisset:</span> 
     </span>
     <span class='ocr_line' id='line_1_39' title="bbox 735 4148 2181 4225; baseline 0.007 -24"><span class='ocrx_word' id='word_1_283' title='bbox 735 4148 895 4216; x_wconf 81' lang='lat' dir='ltr'>Quod</span> <span class='ocrx_word' id='word_1_284' title='bbox 932 4154 1087 4204; x_wconf 82' lang='lat' dir='ltr'>caret</span> <span class='ocrx_word' id='word_1_285' title='bbox 1117 4151 1340 4207; x_wconf 77' lang='lat' dir='ltr'>alterna</span> <span class='ocrx_word' id='word_1_286' title='bbox 1375 4154 1587 4222; x_wconf 88' lang='lat' dir='ltr'>requie,</span> <span class='ocrx_word' id='word_1_287' title='bbox 1620 4154 1881 4209; x_wconf 87' lang='lat' dir='ltr'>durabile</span> <span class='ocrx_word' id='word_1_288' title='bbox 1917 4173 2031 4210; x_wconf 91' lang='lat' dir='ltr'>non</span> <span class='ocrx_word' id='word_1_289' title='bbox 2068 4160 2181 4225; x_wconf 85' lang='lat' dir='ltr'>est3</span> 
     </span>
     <span class='ocr_line' id='line_1_40' title="bbox 930 4236 2324 4312; baseline 0.008 -22"><span class='ocrx_word' id='word_1_290' title='bbox 930 4236 1070 4293; x_wconf 88' lang='lat' dir='ltr'>haec</span> <span class='ocrx_word' id='word_1_291' title='bbox 1106 4246 1336 4309; x_wconf 83' lang='lat' dir='ltr'>reparat</span> <span class='ocrx_word' id='word_1_292' title='bbox 1370 4242 1518 4297; x_wconf 84' lang='lat' dir='ltr'>vires</span> <span class='ocrx_word' id='word_1_293' title='bbox 1555 4242 1810 4312; x_wconf 87' lang='lat' dir='ltr'>fessaque</span> <span class='ocrx_word' id='word_1_294' title='bbox 1848 4244 2097 4299; x_wconf 86' lang='lat' dir='ltr'>membra</span> <span class='ocrx_word' id='word_1_295' title='bbox 2132 4250 2324 4301; x_wconf 84' lang='lat' dir='ltr'>novat.</span> 
     </span>
     <span class='ocr_line' id='line_1_41' title="bbox 539 4323 2070 4402; baseline 0.006 -25"><span class='ocrx_word' id='word_1_296' title='bbox 539 4323 563 4355; x_wconf 80' lang='lat'>²</span> <span class='ocrx_word' id='word_1_297' title='bbox 601 4324 858 4379; x_wconf 83' lang='lat' dir='ltr'>Phaedra</span> <span class='ocrx_word' id='word_1_298' title='bbox 893 4326 1031 4381; x_wconf 84' lang='lat' dir='ltr'>item</span> <span class='ocrx_word' id='word_1_299' title='bbox 1069 4325 1134 4379; x_wconf 82' lang='grc' dir='ltr'>τὰ</span> <span class='ocrx_word' id='word_1_300' title='bbox 1171 4324 1444 4398; x_wconf 80' lang='grc' dir='ltr'><em>ἀναγκαῖα</em></span> <span class='ocrx_word' id='word_1_301' title='bbox 1481 4332 1765 4399; x_wconf 85' lang='lat' dir='ltr'>praetexit</span> <span class='ocrx_word' id='word_1_302' title='bbox 1800 4330 1907 4402; x_wconf 86' lang='lat' dir='ltr'>frg.</span> <span class='ocrx_word' id='word_1_303' title='bbox 1947 4334 2070 4386; x_wconf 84' lang='lat'><strong>436.</strong></span> 
     </span>
     <span class='ocr_line' id='line_1_42' title="bbox 540 4412 2631 4491; baseline 0.006 -25"><span class='ocrx_word' id='word_1_304' title='bbox 540 4412 562 4445; x_wconf 82' lang='lat'><strong>⁸</strong></span> <span class='ocrx_word' id='word_1_305' title='bbox 601 4412 844 4467; x_wconf 84' lang='lat' dir='ltr'>Easdem</span> <span class='ocrx_word' id='word_1_306' title='bbox 881 4416 1183 4489; x_wconf 69' lang='lat' dir='ltr'>sententias</span> <span class='ocrx_word' id='word_1_307' title='bbox 1221 4418 1470 4473; x_wconf 86' lang='lat' dir='ltr'>invenies</span> <span class='ocrx_word' id='word_1_308' title='bbox 1509 4418 1611 4474; x_wconf 89' lang='lat' dir='ltr'>Ov.</span> <span class='ocrx_word' id='word_1_309' title='bbox 1638 4422 1829 4474; x_wconf 89' lang='lat' dir='ltr'>Amor.</span> <span class='ocrx_word' id='word_1_310' title='bbox 1866 4420 1967 4489; x_wconf 90' lang='lat'>111,</span> <span class='ocrx_word' id='word_1_311' title='bbox 1984 4422 2035 4475; x_wconf 83' lang='lat'>8.</span> <span class='ocrx_word' id='word_1_312' title='bbox 2058 4422 2126 4474; x_wconf 83' lang='lat'>35</span> <span class='ocrx_word' id='word_1_313' title='bbox 2148 4438 2228 4489; x_wconf 86' lang='lat' dir='ltr'>sq.</span> <span class='ocrx_word' id='word_1_314' title='bbox 2271 4417 2380 4474; x_wconf 81' lang='lat' dir='ltr'>Sed</span> <span class='ocrx_word' id='word_1_315' title='bbox 2404 4427 2631 4491; x_wconf 83' lang='lat' dir='ltr'>praeter</span> 
     </span>
    </p>
   </div>
  </div>
 </body>
</html>
