3157 5028
1475 329 1544 382 87

362 497 528 581 quod
573 497 872 564 nimirum
918 500 996 564 ad
1041 500 1366 582 poetarum
1390 518 1623 565 morem
1665 499 1905 582 spectat
1950 500 2333 579 eundem‚‚ut
2364 500 2669 584 aperiant,

359 599 522 664 unde
566 618 680 664 sua
710 599 1220 683 consarcinarint,
1269 600 1344 665 de
1368 619 1491 683 quo
1517 619 1705 682 supra
1730 601 1917 666 verba
1944 599 2063 666 feci
2086 600 2171 684 (p.
2198 599 2326 685 77).
2377 601 2669 685 Myrrhae

360 701 572 766 autem
617 700 848 766 crimen
891 702 1043 766 item
1085 701 1342 768 denotat
1387 701 1599 786 Scylla
1642 703 1778 786 ipsa
1822 702 2080 768 dicendo
2126 722 2183 767 v.
2231 703 2353 766 263
2410 721 2473 767 se
2510 701 2671 766 nihil

360 821 592 879 amare,
620 799 652 838 -‘
675 821 797 884 quo
843 802 1002 868 falsa
1045 803 1256 869 tamen
1309 803 1507 868 lateat
1552 803 1803 885 pietatis
1848 803 2129 887 imago';
2198 803 2266 868 iu
2310 819 2434 885 qua
2477 822 2545 867 re
2590 801 2670 867 ad

361 895 656 968 Ovidium
711 903 878 968 ultro
933 922 1267 986 provocare
1318 903 1482 986 licet,
1538 903 1647 986 qui
1708 905 1775 969 in
1823 904 2076 987 pietatis
2142 903 2395 990 1101111116
2458 903 2670 968 11111616

357 1003 514 1068 solet
556 1001 660 1086 (cf.
705 1024 761 1069 v.
807 1005 949 1068 366.
995 1005 1139 1070 324.
1185 1004 1358 1088 333).
1461 1005 1750 1072 Ceterum
1794 1006 1925 1087 ipse
1975 1005 2236 1086 nutricis
2278 1003 2670 1069 interventus

360 1122 756 1186 nequaquam
823 1106 1202 1170 necessarius
1269 1105 1530 1189 ideoque
1599 1106 1677 1171 ab
1741 1105 1967 1172 Ovidio
2032 1106 2098 1171 in
2153 1105 2397 1190 Scyllae
2453 1103 2669 1169 fabula

359 1203 534 1287 (Met.
581 1205 756 1288 V111,
823 1207 902 1269 85
947 1205 1066 1288 sq.)
1132 1225 1380 1288 prorsus
1425 1206 1767 1290 neglectuS,
1838 1207 1995 1272 satis
2053 1205 2383 1272 manifesto
2430 1204 2671 1270 indicat

359 1305 607 1388 poetam
653 1305 858 1372 aliena
902 1308 1037 1372 arte
1081 1307 1421 1390 impulsum
1465 1327 1613 1388 esse,
1659 1309 1732 1372 ut
1775 1306 2027 1373 fabulae
2070 1306 2487 1372 adventiciam
2530 1324 2669 1388 par-

358 1406 486 1470 tem
535 1407 884 1490 affingeret,
932 1408 1190 1474 minime
1235 1409 1484 1492 quidem
1527 1427 1639 1474 suo
1670 1409 1892 1487 Marte,
1940 1408 2045 1474 sed
2076 1406 2485 1473 Alexandrini
2526 1425 2669 1471 auc-

359 1507 514 1572 toris
560 1508 848 1591 vestigiis
892 1509 1205 1574 insistens.
1293 1509 1456 1576 Nam
1503 1510 1737 1597 nutrici
1779 1510 1905 1575 iam
1965 1503 2032 1575 in
2086 1507 2419 1590 exemplari
2459 1507 2671 1590 aliquo

358 1607 778 1674 Alexandrino
824 1612 1030 1693 partes
1072 1610 1252 1679 datas
1296 1629 1424 1675 esse
1470 1611 1717 1693 pictura
1762 1611 2143 1693 Pompeiana
2186 1608 2428 1692 probat,
2498 1606 2670 1691 Scyl-

355 1709 483 1774 lam
561 1709 886 1776 ostendens
961 1710 1282 1776 nutricula
1359 1711 1585 1776 comite
1651 1731 1791 1777 cum
1848 1729 2080 1795 magno
2144 1708 2340 1774 animi
2405 1709 2668 1787 tumore,

358 1828 542 1892 quem
585 1811 889 1876 excitatus
935 1811 1208 1893 corporis
1254 1812 1506 1876 habitus
1551 1811 1778 1896 prodit,
1822 1814 1969 1878 ante
2014 1811 2289 1875 Minoem
2334 1809 2673 1875 consisten-

356 1910 484 1974 tem
531 1911 593 1974 et
635 1930 1012 1994 purpureum
1058 1912 1292 1977 crinem
1332 1912 1749 1996 porrigentem
1780 1913 1819 1974 ¹.

556 2011 671 2076 Rei
697 2013 907 2078 autem
940 2013 1170 2078 natura
1203 2012 1340 2091 fert,
1386 2014 1458 2077 ut
1488 2014 1853 2096 exemplaris
1883 2014 2248 2079 ornamenta
2283 2013 2345 2078 et
2389 2011 2667 2078 colorum

356 2111 536 2195 quasi
588 2113 848 2196 lumina,
915 2131 1055 2178 cum
1107 2113 1370 2179 materia
1415 2133 1523 2196 per
1574 2113 1731 2179 alios
1778 2114 2062 2179 auctores
2109 2113 2251 2180 aliis
2296 2112 2669 2191 traderetur,

355 2211 674 2296 gradatim
717 2214 1047 2280 attenuata
1093 2203 1546 2298 obscurataque
1592 2215 1722 2280 sint
1764 2215 1827 2280 et
1872 2233 2205 2280 consensus
2240 2231 2383 2279 611111
2425 2214 2670 2296 tragica

358 2312 644 2378 Phaedra
669 2312 794 2378 fere
820 2315 1163 2379 evanuerit.
1215 2314 1333 2380 Sed
1365 2316 1739 2398 argumenta
1774 2315 1971 2381 allata
2003 2314 2512 2398 intellegentibus
2544 2313 2669 2378 suf-

360 2413 574 2479 ficient
615 2413 696 2479 ad
740 2416 1210 2497 approbandum
1253 2416 1575 2502 iudicium,
1620 2417 1787 2500 quod
1830 2435 2019 2499 supra
2052 2415 2189 2499 feci,
2239 2414 2534 2481 Ovidium
2564 2433 2671 2479 ne-

361 2535 480 2599 que
512 2516 782 2597 primum
803 2518 1110 2583 invenisse
1142 2518 1532 2601 praedictum
1565 2518 1725 2583 illud
1754 2518 2139 2601 colloquium
2168 2535 2365 2599 neque
2403 2516 2470 2580 in
2498 2534 2667 2581 exor-

359 2617 565 2683 nando
623 2636 692 2682 eo
737 2618 833 2683 sui
877 2618 1114 2702 ingenii
1157 2619 1462 2701 impetum
1506 2619 1789 2703 secutum
1835 2638 1985 2684 esse.
2053 2618 2213 2682 Tum
2255 2616 2383 2680 noli
2427 2618 2671 2699 praeter

357 2718 510 2784 haec
547 2719 870 2803 neglegere
905 2720 1237 2786 nonnullos
1267 2720 1500 2785 colores
1537 2720 1604 2783 in
1638 2719 1881 2803 Scyllae
1910 2718 2324 2800 descriptione
2352 2716 2667 2782 adhibitos

358 2820 586 2887 mirum
627 2819 693 2903 in
739 2820 992 2886 modum
1043 2820 1280 2886 adfines
1325 2821 1422 2900 iis,
1492 2820 1717 2903 quibus
1762 2818 2083 2884 Phaedrae
2138 2817 2392 2901 depingi
2445 2817 2666 2882 solent.

357 2921 642 3002 Utraque
685 2920 849 2985 6111111
893 2922 1122 2986 amoris
1168 2922 1381 2987 morbo
1427 2920 1649 2985 affecta
1693 2940 1731 2985 a
1777 2919 2041 3002 pristina
2096 2917 2283 2983 nendi
2336 2918 2667 2984 consuetu-

358 3019 500 3085 dine
542 3019 813 3085 deflectit
869 3020 1021 3101 (Cir.
1074 3022 1213 3087 177.
1265 3022 1401 3101 179,
1449 3021 1588 3087 8611.
1633 3021 1861 3087 Phaed.
1911 3021 2033 3085 103
2078 3019 2225 3103 sq.);
2289 3018 2457 3084 idem
2525 3018 2667 3083 auri

355 3121 654 3203 taedium,
725 3122 890 3204 quod
937 3121 1094 3187 Ciris
1140 3124 1323 3206 poeta
1368 3143 1424 3188 v.
1478 3122 1597 3187 177
1644 3122 1922 3201 denotat,
1989 3121 2055 3186 in
2099 3119 2383 3186 Phaedra
2422 3120 2665 3185 invenis

357 3222 523 3299 (Sen.
571 3223 740 3303 387).
827 3223 1070 3288 Musica
1114 3225 1266 3304 arte,
1315 3224 1415 3288 cui
1452 3223 1663 3308 Scylla
1708 3242 1831 3288 non
1875 3223 2148 3305 amplius
2193 3240 2442 3303 operam
2474 3220 2669 3286 navat

357 3322 506 3403 (011.
557 3324 723 3406 178),
798 3324 1065 3390 ancillae
1127 3326 1194 3389 in
1261 3324 1663 3407 sarcophagis
1730 3324 1967 3389 frustra
2032 3322 2287 3389 student
2348 3322 2669 3388 Phaedrae

355 3423 686 3488 tristitiam
729 3425 1089 3491 exhilarare.
1179 3424 1388 3509 Atque
1445 3444 1588 3490 cum
1645 3423 1969 3507 ‘gravidos
2014 3424 2251 3490 Cereris
2296 3423 2480 3489 fetus'
2544 3441 2669 3487 non

357 3524 684 3607 contingat
727 3525 936 3610 Scylla
991 3525 1143 3607 (Cir.
1190 3526 1359 3607 230),
1423 3526 1488 3590 111
1546 3526 1665 3592 1106
1724 3544 1967 3609 quoque
2020 3526 2249 3608 aequat
2292 3524 2665 3604 Phaedram,

357 3642 544 3707 quam
604 3625 826 3690 chorus
878 3624 1247 3707 Euripideus
1303 3627 1473 3691 canit
1537 3621 1887 3709 Δάματρος
1946 3616 2153 3703 οἷκτᾶς
2217 3622 2417 3707 δέμας
2478 3618 2670 3708 ἁγνὸν

353 3716 561 3804 ἴσχειν
589 3724 762 3808 (Hip.
805 3746 862 3791 v.
902 3728 1040 3805 138,
1087 3726 1166 3791 cf.
1214 3747 1272 3792 v.
1319 3728 1461 3807 275,
1509 3728 1648 3794 8611.
1697 3728 1821 3792 373
1864 3728 2008 3810 sq.).
2100 3726 2473 3809 Quanquam
2521 3745 2666 3792 vero

357 3825 762 3891 Alexandrini
817 3830 1033 3909 poetae
1100 3829 1406 3895 nonnulla
1468 3829 1534 3894 id
1612 3848 1807 3913 genus
1865 3830 2230 3894 ornamenta
2301 3828 2365 3893 in
2426 3826 2666 3893 deliciis

356 3925 604 4005 habent,
671 3927 742 3990 ut
793 3928 950 3993 alias
1004 3929 1364 4011 explanabo,
1432 3930 1648 3995 tamen
1708 3930 1937 3994 mirum
1993 3931 2087 3994 est
2132 3928 2291 3995 Giris
2345 3931 2662 3994 auctorem

559 4180 578 4210 ¹
615 4179 780 4234 Helb.
816 4198 907 4235 no.
953 4182 1104 4235 1337.
1143 4174 1312 4236 Arch.
1355 4182 1484 4254 Ztg.
1527 4184 1663 4236 1866
1700 4199 1755 4251 p.
1802 4183 1903 4237 196
1932 4199 2012 4250 sq.
2052 4180 2116 4234 T.
2156 4178 2365 4235 CCXII.
2406 4209 2473 4218 —
2502 4178 2657 4233 Haec

352 4266 578 4340 pictura
615 4268 675 4322 in
713 4269 904 4324 eodem
941 4270 1197 4325 cubiculo
1235 4276 1406 4341 atque
1453 4272 1631 4327 altera
1666 4271 1833 4326 modo
1888 4270 2136 4339 laudata,
2192 4286 2335 4338 quae
2374 4266 2653 4321 Adonidis

354 4359 584 4424 partum
620 4356 867 4427 exhibet,
905 4362 1132 4427 reperta
1168 4362 1268 4413 est.
