3157 5028
1624 333 1691 388 16

509 505 818 590 ambigue.
907 506 1093 586 Apud
1137 505 1504 588 Sophoclem
1551 507 1806 586 (Trach.
1850 507 2001 587 355)
2048 502 2219 589 ἔρως
2262 507 2485 592 θέλγει
2533 511 2575 574 i.
2624 529 2675 576 e.
2721 511 2816 576 fa-

506 605 804 672 scinando
875 607 1102 671 excitat
1145 607 1497 682 Herculem,
1571 608 1644 671 ut
1710 601 2072 674 Oechaliam
2140 612 2454 694 oppugnet
2516 613 2623 692 (cf.
2666 611 2811 678 Eur.

505 708 654 790 Hip.
702 708 927 784 1274);
1011 706 1374 792 θέλγητρον
1426 707 1693 790 explicat
1737 709 1999 773 Photius
2056 704 2132 773 τό
2198 706 2294 788 εἰς
2346 710 2584 798 ἡδονὴν
2636 702 2811 796 ἄγον,

506 828 627 892 quo
672 809 858 874 verbo
883 809 1241 875 Athenaeus
1287 808 1390 892 (V.
1427 810 1551 873 220
1573 808 1647 889 f.)
1690 809 1781 873 sic
1824 810 2047 888 utitur,
2096 811 2168 873 ut
2212 811 2406 876 addat
2446 815 2804 895 genetivum

504 910 881 976 obiectivum
925 905 1190 975 πόθων.
1285 910 1656 992 Apollonius
1711 911 1991 975 Rhodius
2045 912 2309 994 denique
2352 912 2538 995 fingit
2580 913 2812 978 Miner-

502 1030 647 1076 vam
693 1013 1068 1094 querentem,
1125 1011 1287 1094 quod
1337 1011 1593 1076 Veneris
1648 1013 1880 1075 artium
1940 1012 2137 1077 inscia
2194 1013 2277 1077 sit
2336 1015 2489 1097 Arg.
2535 1009 2651 1092 ΙΙΙ,
2700 1016 2811 1079 33:

505 1102 588 1178 ου’
636 1111 708 1176 δέ
751 1136 893 1177 τινα
935 1110 1132 1194 χρειώ
1178 1106 1573 1196 θελκτήριον
1619 1103 1768 1175 οἶδα
1812 1112 2089 1178 πόθοιο.
2166 1113 2284 1179 Sed
2316 1114 2395 1178 ad
2428 1116 2809 1181 eontrarium

503 1235 767 1298 eumque
819 1215 1073 1280 sedandi
1130 1215 1314 1280 huius
1369 1214 1538 1279 verbi
1607 1232 1855 1278 sensum
1906 1214 2068 1278 idem
2117 1217 2302 1296 poeta
2346 1219 2559 1298 aptum
2605 1234 2807 1280 exem-

503 1317 676 1399 plum
730 1316 978 1399 praebet
1022 1316 1174 1398 Arg.
1219 1315 1337 1394 III,
1388 1315 1534 1378 738:
1592 1313 1957 1398 θελκτήρια
2013 1309 2326 1399 φάρμακα
2369 1309 2629 1397 ταύρων
2669 1315 2710 1380 i.
2756 1334 2806 1381 e.

503 1419 776 1484 remedia
817 1418 1088 1482 furorem
1131 1418 1457 1481 taurorum
1498 1415 1893 1498 mitigantia,
1939 1410 2205 1503 λυτήρια
2235 1419 2305 1480 ut
2339 1418 2673 1483 scholiasta
2706 1437 2809 1482 ex-

503 1520 697 1602 plicat
740 1517 845 1604 (cf.
891 1538 948 1584 v.
995 1519 1162 1596 766).
1278 1515 1494 1599 Neque
1539 1517 1713 1581 aliud
1758 1510 1941 1599 λόγοι
1998 1511 2382 1603 θελκτίριοι
2434 1518 2609 1600 (Eur.
2654 1518 2803 1602 Hip.

502 1620 690 1698 478),
761 1621 831 1682 ut
893 1619 1113 1684 statim
1162 1617 1619 1697 demonstrabo,
1692 1619 1754 1682 et
1824 1617 2045 1699 μῦθοι
2112 1613 2489 1706 θελκτήριοι
2561 1619 2803 1696 (Aesch.

504 1719 687 1784 Eum.
715 1721 826 1799 81)
857 1720 1248 1802 significant3
1297 1719 1609 1797 sedidem,
1649 1719 1811 1802 quod
1860 1716 2164 1802 ἐπῳδαὶ
2193 1714 2573 1801 θελκτήριοι
2604 1717 2805 1800 (Plut.

502 1822 716 1886 Amat.
738 1822 864 1900 16).
925 1821 1141 1902 Neque
1158 1818 1449 1884 Mercurii
1474 1820 1725 1885 caducei
1750 1820 2097 1897 obliviscar,
2132 1822 2238 1904 qui
2268 1809 2575 1905 ἀνδρῶν’
2550 1809 2807 1902 ὄμματα

503 1923 748 2005 θέλγει.
773 1959 854 1968 ——
881 1921 999 1987 Sed
1031 1921 1272 2004 reliqua
1297 1921 1478 1998 audi3
1508 1923 1933 2004 provocabunt
1961 1924 2123 1987 enim
2156 1923 2232 1988 ad
2260 1923 2445 1988 verba
2468 1943 2526 1988 v.
2552 1925 2671 1988 511
2691 1941 2804 2004 sq.:

501 2019 545 2087 α’
587 2023 644 2089 σ’
692 2013 829 2089 ουτ’
874 2020 978 2087 ἐπ’
1021 2017 1318 2104 αἰσχροῖς
1361 2057 1440 2068 -—-
1485 2017 1735 2086 παύσει
1782 2016 1979 2087 νόσου
2003 2022 2192 2108 τῆσδ’
2225 2023 2381 2107 κτλ.,
2427 2025 2533 2106 qui
2558 2023 2805 2087 eonten-

502 2126 658 2191 dant
708 2124 1064 2208 praevalere
1119 2124 1639 2206 significationem
1684 2124 1939 2189 remedii
1984 2125 2063 2190 ad
2108 2127 2394 2192 morbum
2435 2123 2799 2189 sanandum.

505 2226 687 2310 Cave,
752 2246 828 2291 ne
882 2227 948 2290 in
1011 2227 1129 2292 hac
1180 2244 1306 2290 una
1361 2225 1876 2308 interpretatione
1919 2227 2295 2308 acquiescaS‚
2362 2245 2503 2291 cum
2546 2223 2804 2288 demon-

501 2329 690 2395 strari
740 2327 956 2410 possit,
1025 2326 1258 2392 Graece
1314 2327 1621 2408 cogitanti
1678 2327 1876 2392 alium
1932 2330 2248 2410 praeterea
2298 2346 2542 2392 sensum
2586 2324 2803 2407 sponte

503 2429 683 2508 obici,
749 2428 941 2494 talem
1005 2429 1165 2493 fere.
1231 2428 1574 2514 eupiditate
1640 2428 1934 2510 explenda
2000 2429 2270 2494 furorem
2327 2427 2527 2494 sedari
2583 2427 2646 2490 et
2687 2425 2803 2490 hoc

502 2532 683 2597 modo
707 2531 991 2596 morbum
1015 2531 1242 2595 sanari.
1312 2531 1548 2595 Theocl
1549 2531 1626 2595 1t1
1648 2531 1810 2595 enim
1836 2530 2156 2596 Simaetha
2181 2529 2525 2613 Thestylidi
2547 2526 2805 2593 mandat

501 2631 592 2697 Id.
638 2632 723 2711 Il,
765 2632 875 2696 95.
929 2626 988 2695 εἰ
1032 2629 1086 2694 δ’
1134 2620 1246 2713 ὅγε
1272 2628 1549 2695 Θέστυλί
1589 2654 1706 2711 μοι
1747 2630 2034 2709 χαλεπᾶς
2078 2624 2250 2694 νόσω
2296 2614 2442 2711 εὗρέ
2482 2652 2545 2692 τι
2572 2637 2798 2711 μῆχος.

503 2732 840 2798 Cuiusnam
862 2731 1104 2816 generis
1127 2734 1219 2797 est
1241 2733 1396 2796 illud
1423 2733 1853 2797 medicamen?
1896 2733 2153 2813 Delphis
2173 2732 2523 2797 arcessitur.
2557 2729 2804 2795 Similia

502 2835 744 2917 saepius
775 2834 1239 2899 inveniuntur¹.
1287 2869 1367 2880 —-
1413 2833 1533 2900 Sed
1577 2836 1651 2898 ut
1696 2834 1905 2898 nostro
1952 2834 2087 2898 loco
2132 2832 2400 2915 amplius
2445 2833 2637 2897 etiam
2668 2850 2803 2895 am-

501 2935 810 3018 bigamus,
882 2935 1092 2999 nutrix
1140 2935 1348 3000 addit.
1413 2926 1491 3021 ἢν
1534 2928 1615 2997 σύ
1657 2928 1748 3020 μὴ
1791 2932 1937 3021 γένῃ
1977 2923 2167 3017 κακῆς
2222 2933 2405 2998 modo
2460 2952 2536 2997 ne
2578 2932 2804 2997 timida

500 3037 626 3111 sis;
693 3035 877 3119 quod,
954 3036 1105 3118 quid
1157 3034 1274 3100 sibi
1322 3036 1490 3114 velit,
1545 3035 1623 3099 iis
1669 3036 1833 3099 certe
1877 3036 2212 3100 obscurum
2256 3034 2552 3117 e1·it‚qui
2598 3035 2805 3099 totum

499 3138 705 3203 locum
753 3139 828 3202 de
867 3138 1132 3220 simplici
1167 3137 1434 3201 remedio
1477 3124 1867 3219 intellegant.
1912 3135 2463 3200 Accommodatior
2501 3136 2806 3216 interpre-

501 3239 661 3304 tatio
710 3239 784 3303 fit
824 3238 1262 3304 fascinationes
1315 3237 1740 3313 subaudienti3
1804 3257 1950 3304 nam
2007 3237 2247 3320 aliquid
2302 3236 2654 3301 audendum
2707 3236 2804 3300 vi-

505 3338 684 3404 detur
716 3342 795 3420 et,
843 3341 905 3406 ni
929 3340 1131 3417 fallor,
1177 3340 1329 3404 satis
1371 3340 1813 3422 circumspecte
1844 3339 2024 3421 poeta
2056 3339 2317 3403 nutricis
2348 3336 2615 3408 fallaciis
2650 3337 2803 3401 haec

503 3588 704 3655 poetae
741 3584 1057 3655 fragmento
1096 3587 1128 3637 3
1169 3602 1223 3654 p.
1263 3587 1331 3638 49
1368 3584 1583 3639 Weich.
1624 3584 1955 3654 Expellendi
1996 3590 2052 3639 et
2085 3584 2321 3655 fugandi
2358 3582 2645 3637 notionem
2683 3599 2802 3637 sae·

503 3674 630 3743 pius
665 3674 888 3728 subesse
925 3673 1192 3727 concludo
1232 3691 1300 3727 ex
1337 3672 1498 3728 Pind.
1539 3673 1626 3727 01.
1664 3674 1815 3733 XIII.
1855 3675 1923 3727 68
1956 3674 2097 3743 (95):
2150 3675 2380 3745 φίλτρον
2414 3676 2641 3725 ἵππειον
2677 3671 2713 3723 i.
2753 3688 2800 3726 e.

505 3761 744 3829 frenum,
782 3760 932 3829 quod
969 3775 1172 3827 equum
1209 3759 1454 3814 deleniat
1489 3765 1546 3814 et
1582 3760 1831 3815 furorem
1867 3761 2105 3831 mitiget.
2181 3759 2402 3828 Ecquid
2442 3759 2511 3813 de
2558 3760 2801 3829 genuina

506 3848 866 3905 delenimenti
903 3846 1311 3918 significatione
1350 3854 1620 3917 superest,
1679 3850 1828 3918 quod
1884 3867 2133 3904 amorem
2183 3848 2427 3903 excitet?
2490 3878 2551 3887 —
2611 3850 2800 3915 Atque

506 3940 698 3994 eodem
735 3956 898 3993 sensu
935 3937 1146 4005 accipio
1185 3936 1362 4008 φίλτρ’
1400 3938 1636 4007 ἐπῳδῶν
1672 3939 1807 3992 Eur.
1846 3938 2054 3993 Phoen.
2094 3941 2249 4007 1260,
2293 3938 2493 4007 quibus
2532 3936 2800 3989 nimirum

505 4029 746 4083 fratrum
786 4029 873 4081 ira
905 4027 1130 4081 sedetur
1167 4026 1522 4097 fugeturque.
1598 4027 1908 4082 Scholiasta
1968 4033 2221 4082 contorte
2276 4026 2491 4095 philtra
2541 4020 2661 4078 ἀντὶ
2706 4022 2801 4075 τοῦ

505 4119 690 4189 φιλίας
725 4117 1103 4186 interpretans
1139 4116 1421 4186 intellegit
1459 4114 1681 4186 ἐπῳδὰς
1717 4120 1917 4188 φιλίας.

709 4206 728 4236 ¹
767 4204 848 4259 Cf.
885 4202 1055 4258 Anth.
1094 4204 1212 4258 Pal.
1251 4204 1314 4258 V.
1352 4206 1475 4259 291.
1513 4206 1769 4274 Xenoph.
1807 4205 2007 4274 Ephes.
2049 4204 2147 4257 ΙΙΙ.
2192 4206 2271 4256 12.
2311 4202 2501 4257 Parth.
2532 4205 2670 4257 erot.
2704 4203 2798 4253 17:

506 4292 803 4349 Periandri
839 4299 1020 4348 mater
1057 4292 1238 4347 filium
1275 4298 1452 4348 amat:
1493 4298 1584 4346 καὶ
1622 4298 1872 4364 κατέχειν
1911 4290 2008 4358 τὴν
2044 4288 2215 4346 νόσον
2252 4286 2348 4345 οὐκ
2382 4293 2457 4345 ἔτι
2495 4296 2583 4344 οἵα
2622 4307 2679 4343 τε
2716 4280 2799 4359 ἦν,

506 4382 608 4443 ἕως
643 4376 1080 4454 ἆποῐολμῆσασα
1117 4386 1410 4453 προς-φέρει
1450 4375 1645 4450 λόγους
1679 4382 1754 4451 τῷ
1791 4382 1966 4435 παιδί.
