3157 5028
1483 409 1552 462 85

365 577 512 642 lisse
575 577 858 657 elucebit,
927 579 980 644 si
1041 579 1120 644 ad
1165 579 1324 644 alias
1365 579 1754 644 imitationes
1795 599 2159 663 praeversus
2204 599 2339 656 ero:
2403 583 2552 646 item
2600 580 2677 648 ad

365 677 620 759 singula
665 679 984 744 Phaedrae
1024 679 1342 745 Romanae
1411 680 1597 744 verba
1672 683 1886 762 postea
1956 681 2201 746 redeam
2272 699 2514 746 necesse
2565 683 2677 746 est.

364 770 625 843 Interim
669 798 944 844 arcessas
985 799 1074 859 ea,
1143 799 1301 862 quae
1345 780 1464 844 Leo
1509 780 1580 854 ll·
1621 780 1665 844 l.
1710 799 1773 862 p.
1826 780 1971 856 177)
2016 780 2382 864 disputavit,
2452 783 2677 865 quibus

367 878 620 960 quidem
660 899 756 944 res
801 899 923 946 non
969 881 1266 946 exhausta
1312 882 1425 945 est.
1516 880 1681 945 Nam
1729 880 1895 963 quod
1939 879 2227 946 Phaedra
2282 881 2560 947 affirmat
2615 901 2679 946 se

363 979 478 1042 uni
510 980 796 1063 privigno
828 981 1060 1046 mutari
1106 1000 1443 1064 respersam
1491 981 1665 1046 nulla
1712 980 1869 1057 labe,
1914 981 2240 1061 intactam,
2285 983 2673 1048 innocentem

367 1079 538 1159 (Seu.
568 1101 625 1146 v.
653 1083 835 1164 668),
877 1082 943 1147 id
977 1101 1206 1166 rursus,
1251 1083 1306 1148 si
1335 1082 1484 1165 quid
1518 1101 1815 1165 unquam,
1861 1082 2109 1166 egregie
2147 1084 2505 1149 illustratur
2528 1083 2677 1149 Ovi-

365 1182 457 1247 dii
503 1184 708 1249 verbis
753 1185 900 1248 Her.
948 1184 1059 1261 IV,
1109 1185 1184 1248 17
1230 1201 1355 1266 sq.:

669 1303 792 1349 non
837 1303 950 1367 ego
996 1284 1276 1366 nequitia
1319 1283 1574 1348 socialia
1625 1284 1872 1350 foedera
1915 1303 2240 1366 rumpam:

770 1384 959 1463 fama,
1005 1384 1194 1449 velim
1241 1403 1523 1467 quaeras,
1571 1385 1829 1449 crimine
1875 1388 2089 1450 nostra
2137 1387 2338 1450 vacat.

368 1486 552 1551 quta
624 1485 836 1550 autem
897 1485 1102 1568 pergit
1167 1503 1240 1549 ac
1289 1487 1342 1549 si
1393 1504 1712 1568 nunquam
1758 1487 2007 1561 amarit,
2084 1486 2383 1550 maritum
2432 1505 2674 1569 nempe:

362 1581 575 1651 ‘venit
625 1605 802 1651 amor
843 1587 1116 1668 gravius,
1161 1603 1284 1668 quo
1327 1587 1544 1650 serius’
1599 1605 1647 1650 e.
1696 1605 1754 1668 q.
1803 1605 1851 1650 s.
1906 1587 2011 1666 (cf.
2063 1605 2117 1651 v.
2164 1587 2245 1650 29
2288 1587 2425 1668 sq.),
2484 1605 2674 1670 quam

368 1686 524 1750 satis
568 1685 900 1753 delicatam
945 1687 1388 1769 cogitationem
1442 1686 1710 1752 Senecae
1750 1687 1965 1752 verba:
2006 1683 2023 1706 ⁸
2046 1687 2304 1760 intacta,
2353 1689 2665 1752 innocens'

367 1787 532 1851 tecte
575 1786 954 1869 significant.
1029 1821 1093 1832 —-
1171 1787 1472 1870 Denique,
1536 1788 1701 1869 quod
1746 1788 2001 1853 maximi
2047 1787 2331 1870 ponderis
2377 1790 2487 1870 est,
2551 1806 2673 1853 non

321 1921 338 1932 ·
368 1888 802 1966 dubitandum,
867 1889 1016 1972 quin
1083 1889 1149 1952 in
1215 1907 1435 1954 scaena
1480 1889 1817 1970 Euripidea
1861 1888 2147 1954 Phaedra
2206 1907 2271 1952 se
2334 1888 2672 1971 supplicem

367 1989 708 2072 Hippolyto
767 1973 1083 2056 abiecerit.
1191 1989 1358 2055 Nam
1423 1991 1536 2054 aut
1603 1990 1758 2054 nihil
1823 1989 1999 2053 video
2054 1991 2166 2054 aut
2221 1989 2287 2053 in
2333 1988 2677 2055 Ovidianae

367 2090 688 2157 Phaedrae
730 2091 930 2156 verbis
984 2093 1266 2155 tenemus
1311 2091 1587 2156 vividam
1640 2091 1916 2172 aliquam
1961 2090 2322 2171 tragoediae
2382 2108 2669 2155 scaenam

367 2211 428 2258 v.
456 2192 603 2256 149:
645 2185 800 2256 ‘non
831 2209 946 2274 ego
979 2191 1280 2273 dedignor
1303 2191 1554 2273 supplex
1583 2191 1961 2273 humilisque
1988 2181 2273 2273 precari',
2322 2208 2376 2255 v.
2408 2191 2527 2254 153
2548 2210 2672 2273 sq.:

364 2285 569 2357 ‘victa
613 2311 843 2373 precor,
901 2292 1285 2375 genibusque
1329 2293 1456 2356 tuis
1499 2293 1739 2375 regalia
1784 2292 1975 2356 tendo
2021 2280 2359 2356 Bracchia’
2389 2294 2426 2355 ¹.
2516 2291 2671 2356 Cum

370 2411 492 2475 quo
558 2392 789 2458 Seneca
854 2391 1112 2456 mirifice
1177 2393 1466 2475 congruit
1532 2412 1592 2457 v.
1652 2394 1777 2458 666
1830 2412 1952 2475 sq.:
2010 2386 2026 2411 ‘
2051 2411 2125 2456 en
2192 2392 2443 2474 supplex
2508 2391 2671 2457 iacet

369 2494 646 2577 Adlapsa
689 2494 949 2576 genibus
1015 2493 1223 2577 regiae
1271 2492 1473 2575 proles
1537 2493 1807 2559 domus’.
1897 2493 2133 2575 Quibus
2192 2492 2499 2575 adiungas
2559 2492 2671 2565 ov.

366 2616 423 2660 v.
473 2596 619 2660 156:
679 2588 796 2659 ‘da
840 2595 1085 2659 veniam
1131 2594 1330 2659 fassae
1374 2594 1653 2677 duraque
1697 2594 1883 2659 corda
1926 2584 2175 2659 doma!'
2218 2596 2281 2657 et
2323 2594 2466 2659 Seu.
2515 2595 2670 2659 671:

358 2689 682 2762 ‘miserere
735 2695 1030 2760 amantis’
1098 2731 1170 2741 --
1231 2714 1392 2778 quae
1431 2697 1713 2777 tragicae
1758 2695 2077 2760 Phaedrae
2118 2696 2481 2778 imprecatio
2526 2715 2669 2779 gra-

363 2797 678 2863 dationem
727 2814 1024 2877 perquam
1079 2795 1392 2860 efficacem
1437 2796 1699 2875 exhibet,
1769 2795 2015 2878 quando
2060 2797 2172 2860 illa
2217 2799 2399 2861 antea
2445 2815 2501 2861 v.
2548 2799 2671 2861 623

363 2898 443 2963 ad
488 2896 688 2961 multo
735 2896 1228 2960 verecundiorem
1276 2914 1513 2977 precem
1559 2896 1991 2961 descenderat:
2031 2890 2351 2961 ‘miserere
2384 2897 2669 2962 viduael’

363 2997 722 3064 Admodum
767 2999 977 3063 autem
1028 2997 1344 3079 probabile
1388 2996 1795 3079 Hippolytum
1842 2996 1907 3060 in
1950 2997 2083 3061 tam
2129 2995 2307 3061 foedo
2375 2996 2673 3079 adspectu

362 3100 658 3182 pudorem
720 3118 840 3162 non
895 3098 1098 3163 verbis
1141 3100 1392 3163 tantum
1455 3096 1602 3180 (frg.
1648 3099 1806 3163 439:
1874 3083 1929 3161 ὦ
1983 3098 2200 3161 πότνι’
2260 3092 2463 3174 αἰδώς
2514 3096 2674 3177 κτλ..)

363 3200 870 3266 manifestantem
916 3200 1103 3279 caput
1138 3200 1506 3263 vestimento
1553 3198 1917 3277 obvolvisse‚
1986 3199 2149 3263 unde
2193 3198 2405 3263 fabula
2452 3218 2670 3263 nomen

364 3303 634 3381 invenit,
691 3303 765 3365 ut
821 3300 998 3382 Toup
1066 3301 1128 3364 et
1174 3300 1459 3365 Welcker
1527 3300 1982 3379 coniecerunt2.
2069 3299 2341 3381 Repulsa
2387 3299 2671 3363 Phaedra

293 3455 307 3465 ,
363 3403 587 3467 iterum
657 3401 934 3484 privigni
997 3401 1258 3483 genibus
1325 3400 1684 3465 advolvitur
1741 3418 1799 3464 v.
1856 3400 1997 3478 703,
2068 3401 2255 3483 atque
2301 3401 2491 3463 etiam
2536 3418 2673 3463 am-

366 3502 662 3585 plectitur
715 3520 856 3566 eum
899 3520 957 3566 v.
1006 3501 1165 3575 7053
1232 3500 1396 3583 quod
1459 3500 1610 3582 quin
1670 3498 1937 3564 maxime
1995 3500 2197 3564 visum
2242 3500 2326 3563 sit
2372 3490 2673 3580 ἀπρεπὲς

572 3724 589 3755 ¹
633 3720 724 3776 Sic
774 3720 1075 3775 adducitur
1129 3722 1287 3790 quasi
1337 3722 1396 3774 in
1442 3738 1701 3775 scaenam
1750 3720 1931 3789 ipsam
1980 3719 2096 3773 Iole
2134 3719 2357 3788 captiva
2395 3718 2495 3774 Ov.
2534 3720 2667 3775 Her.

367 3809 464 3878 IX,
507 3810 603 3863 121
648 3809 718 3864 cf.
757 3809 885 3862 Birt
922 3810 960 3863 l.
998 3809 1034 3863 l.
1073 3826 1126 3877 p.
1168 3810 1288 3863 407.

572 3898 594 3930 ²
631 3897 713 3951 cf.
735 3897 848 3951 Leo
887 3898 924 3950 l.
944 3897 981 3949 1.
1001 3915 1056 3967 p.
1087 3899 1186 3951 182
1205 3896 1336 3966 (27).
1375 3897 1639 3951 Phaedra
1658 3901 1830 3965 caput
1864 3896 2078 3965 pudore
2116 3894 2368 3950 obvolvit
2386 3894 2520 3949 Eur.
2540 3894 2671 3963 Hip.

368 3987 492 4053 243,
513 3986 647 4039 item
671 3985 941 4039 Hercules
964 3985 1099 4039 Eur.
1124 3985 1255 4039 Her.
1277 3984 1387 4039 fur.
1413 3988 1552 4038 1198
1573 4002 1654 4054 sq.
1678 3983 2052 4038 —Pausanias
2072 3984 2271 4045 111,20.
2288 3985 2353 4036 10
2372 4000 2453 4052 sq.
2474 3987 2673 4037 narrat

368 4074 438 4127 de
473 4073 772 4141 Penelopa,
829 4090 954 4127 cum
992 4073 1064 4128 ab
1105 4073 1279 4127 Ulixe·
1305 4073 1775 4143 interrogaretur,
1822 4073 2067 4126 velletne
2105 4089 2163 4125 se
2198 4071 2355 4139 sequi
2404 4088 2478 4124 an
2524 4071 2674 4139 apud

367 4166 587 4230 patrem
633 4178 946 4215 remanere:
1005 4166 1096 4213 καὶ
1137 4159 1234 4225 τὴν
1280 4156 1700 4241 ἀποκρίνασθαί
1744 4175 1923 4230 φασιν
1971 4156 2161 4213 οὐδέν·
2214 4159 2676 4227 ἰγκαλυψαμένης

371 4249 433 4303 δὲ
472 4247 612 4319 πρὸς
647 4246 708 4302 τὸ
748 4243 1000 4319 ἐρώτημα
1035 4243 1260 4317 Ἰκάριος
1294 4247 1392 4313 τὴν
1428 4252 1555 4318 μέν,
1593 4242 1686 4300 ἅτε
1726 4244 1794 4313 δὴ
1836 4251 2043 4305 συνιεὶς
2082 4244 2154 4305 ὠς
2181 4243 2424 4313 βούλεται
2453 4242 2675 4299 ἀπιέναι

369 4336 510 4408 μετὰ
543 4335 864 4405 Ὀδυσσέως,
901 4333 1153 4407 ἀφίησιν,
1192 4328 1417 4405 ἄγαλμα
1457 4336 1520 4387 δὲ
1560 4330 1835 4399 ἀνέθηκεν
1869 4335 2091 4394 Αἰδοῦς.
2150 4333 2389 4387 ἐνταῦθα
2434 4328 2541 4400 γὰρ
2581 4330 2674 4395 τῆς

367 4418 505 4479 ὁδοῦ
540 4420 893 4495 προήκουσαν
927 4417 1032 4491 ἤδη
1070 4422 1166 4490 τὴν
1203 4417 1535 4490 Πηνελόπην
1569 4425 1826 4491 λέγουσιν
1862 4418 2306 4491 ἐγκαλύψασθαι.

1309 4612 1366 4634 (⁶
1401 4598 1525 4611 ‘⁸⁶⁴¹⁴
1551 4600 1590 4606 -.-
1615 4603 1664 4615 '‘⁵‘'
1690 4618 1722 4632 *s

1363 4650 1390 4687 ‘l
1419 4647 1426 4668 ἰ
1455 4638 1650 4679 -RAIe
1728 4639 1805 4679 ’Ὗς

1782 4674 1791 4681 ⁸
1802 4678 1811 4685 ν

1836 4730 1863 4744 x}

1758 4754 1875 4787 7⁰2

1686 4786 1860 4825 ,.ι

1834 4790 1875 4869 κ’

1307 4914 1406 4979 ”21
1441 4848 1863 4989 (ποκῑὲῖ-ᾸᾺ
