3157 5028
1506 324 1607 378 103

401 494 688 559 fabulam
735 494 1112 562 amatoriam
1157 495 1534 561 Plutarchus
1586 495 1866 580 (Quaest.
1898 497 2113 566 Graec.
2160 499 2261 580 40,
2294 501 2501 583 Bergk
2545 500 2613 566 P.
2640 501 2708 566 L.

401 595 492 660 ed.
518 594 612 658 lII
634 615 694 676 p.
726 595 916 673 1205)
950 614 1073 660 non
1104 595 1238 661 tam
1271 597 1433 661 nude
1463 597 1524 661 et
1555 598 1797 668 exiliter
1841 599 1981 680 dat,
2022 603 2095 663 ut
2140 601 2439 666 nonnulla
2482 602 2711 668 omissa

407 714 535 761 esse
601 695 822 760 merito
889 696 1244 779 suspiceris,
1326 697 1392 760 in
1445 697 1540 762 his
1608 699 1838 763 haeret.
1945 700 2107 764 Item
2174 701 2275 764 hic
2338 719 2713 766 commemo-

401 792 597 861 ra'nda
642 796 966 861 Parthenii
1011 798 1488 864 narratiuncula
1534 800 1761 882 quarta
1805 800 2045 864 decima
2088 793 2369 882 (ἱστορεῖ
2410 793 2711 882 Ἀριστο-

399 894 586 981 τέλης
638 895 747 960 καὶ
791 889 854 963 οἱ
897 893 980 961 τὰ
1025 893 1434 984 Μιλησιακά)
1490 901 1564 965 (16
1610 899 1933 980 Cleoboea,
1980 920 2155 984 ,quae
2199 902 2429 968 Anthei
2475 903 2711 968 obsidis

399 998 639 1064 Phobio
687 998 938 1083 coniugi
985 999 1119 1065 dati
1164 1019 1375 1066 amore
1429 1001 1680 1084 flagrat,
1740 1000 1939 1067 libera
1985 1000 2097 1068 illa
2142 1022 2385 1086 quoque
2429 1004 2508 1068 ab
2550 1003 2713 1068 eius-

399 1099 570 1164 modi
623 1098 951 1166 coloribuS.
1037 1100 1172 1182 Quo
1240 1101 1501 1166 fortasse
1564 1102 1837 1168 insolens
1908 1104 1969 1166 et
2034 1104 2235 1169 omnis
2301 1104 2563 1169 rationis
2613 1123 2709 1168 ex-

400 1219 536 1283 pers
578 1200 772 1266 libido
819 1196 1096 1266 mulieris
1123 1251 1139 1281 ,
1182 1203 1280 1266 -ut
1327 1219 1485 1285 quae
1528 1205 1670 1286 post
1718 1205 2028 1286 repulsam
2074 1205 2209 1286 ipsa
2254 1205 2463 1270 iuveni
2511 1205 2711 1270 vitam

402 1301 733 1366 crudeliter
777 1301 1036 1380 adimat,
1082 1301 1491 1380 denotatur¹;
1558 1323 1705 1368 cum
1761 1323 1857 1368 res
1911 1304 2097 1386 plane
2144 1304 2355 1370 eadem
2396 1306 2479 1369 sit
2521 1306 2587 1369 in
2627 1305 2712 1369 si-

403 1403 537 1467 mili
601 1402 817 1468 fabula
876 1403 951 1467 de
1008 1402 1232 1468 illicito
1301 1423 1539 1482 amore,
1618 1424 1739 1488 quo
1810 1405 1985 1489 Cyno
2054 1405 2279 1470 mulier
2346 1423 2571 1488 procax
2636 1425 2711 1470 ac

400 1503 690 1584 petulans
763 1503 842 1568 ad
906 1503 1340 1569 Habrocomen
1410 1505 1655 1587 rapitur
1724 1505 2031 1588 (Xenoph.
2098 1506 2317 1588 Ephes.
2384 1506 2515 1586 III,
2579 1506 2709 1588 12),

400 1605 679 1687 Accedit,
725 1605 889 1688 quod
932 1605 1084 1670 11366
1128 1605 1292 1671 ratio
1345 1607 1597 1672 resonat
1640 1607 1864 1672 veteris
1910 1607 2109 1689 mythi
2156 1607 2477 1682 naturam;
2523 1606 2710 1672 nimi-

402 1699 539 1771 rum
582 1706 847 1772 luctatio
893 1725 1067 1773 cassa
1111 1707 1415 1790 irritaque
1461 1707 1657 1772 videri
1697 1708 1908 1786 debet,
1975 1707 2027 1772 si
2071 1707 2220 1773 irati
2263 1707 2361 1771 dei
2404 1707 2708 1772 incestum

400 1808 733 1872 libidinum
777 1808 1126 1890 appetitum
1172 1808 1468 1873 conflasse
1498 1811 1819 1891 putantur.
1863 1845 1946 1856 —-
1989 1808 2273 1892 Euripidi
2303 1808 2555 1891 quidem
2584 1828 2709 1872 non

403 1909 670 1992 contigit
729 1928 942 1991 pacem
1005 1908 1336 1975 conciliare
1394 1910 1559 1974 inter
1625 1912 1912 1994 mythum
1983 1912 2046 1975 et
2111 1911 2277 1976 vitae
2346 1910 2705 1989 veritatem3

403 2009 702 2074 Venerem
747 2011 956 2076 omnia
1021 2010 1100 2076 ad
1165 2029 1346 2075 suum
1405 2011 1743 2075 arbitrium
1799 2012 2116 2094 regentem
2159 2011 2455 2075 inducens
2498 2011 2709 2093 prohi-

404 2110 560 2194 buit,
627 2111 958 2193 quominus
1012 2111 1464 2193 exspectatione
1527 2111 1758 2176 intenti
1817 2111 2031 2191 simus,
2100 2130 2370 2195 quonam
2436 2109 2709 2175 amantis

404 2209 597 2274 animi
641 2211 907 2276 luctatio
953 2212 1190 2296 vergat.
1275 2211 1504 2277 Contra
1553 2211 1820 2277 Ovidius
1865 2212 2151 2294 delicato,
2226 2231 2347 2296 quo
2393 2210 2710 2294 praeditus

405 2313 497 2378 est
561 2331 762 2391 sensu,
830 2313 1057 2396 ubique
1098 2314 1165 2378 iu
1209 2313 1441 2380 fabulis
1495 2314 1627 2378 illis
1692 2315 2019 2379 amatoriis
2065 2315 2321 2380 Veneris
2365 2313 2711 2378 aliorumve

403 2413 658 2478 deorum
715 2414 1080 2481 incitatione
1131 2415 1451 2480 tralaticia
1503 2415 1789 2498 neglecta
1832 2415 2098 2480 removit
2143 2415 2259 2480 hoc
2302 2413 2706 2496 impedimen·

404 2519 561 2582 tum.
647 2516 1055 2582 Alexandrini
1101 2518 1430 2599 praeivisse
1476 2518 1796 2592 videntur3
1844 2518 2099 2582 Veneris
2142 2516 2303 2581 iram
2348 2516 2709 2598 plerumque

403 2618 700 2682 reticent2
769 2619 831 2682 in
908 2620 1024 2685 hac
1083 2639 1149 2684 re
1206 2620 1357 2684 scite
1407 2639 1444 2684 a
1487 2619 1733 2701 tragico
1778 2618 2145 2684 recedentes.
2233 2616 2353 2682 Sed
2400 2614 2549 2697 quid
2593 2633 2706 2698 ego

403 2721 627 2800 plura?
694 2720 912 2786 Nonne
956 2721 1126 2803 ipsae
1168 2721 1382 2786 breves
1429 2720 1846 2803 Hippolyteae
1891 2719 2139 2783 fabulae
2183 2716 2708 2793 narratiunculae,

404 2840 558 2905 quas
611 2821 676 2885 in
729 2822 930 2904 priore
986 2822 1444 2887 dissertationis
1501 2821 1678 2904 parte
1733 2819 2081 2887 examinavi
2128 2819 2213 2901 (p.
2260 2819 2341 2883 46
2387 2816 2526 2901 sq.),
2572 2835 2711 2880 sen-

608 3026 626 3055 ¹
667 3024 755 3078 Ad
794 3024 1176 3094 compilatoris
1224 3025 1563 3079 brevitatem
1602 3025 1732 3079 nolo
1779 3042 2104 3093 provocare,
2161 3023 2385 3092 quando
2431 3022 2539 3091 ipsi
2576 3021 2709 3075 Ale-

403 3114 606 3167 xandri
634 3114 824 3167 Aetoli
853 3131 1041 3168 versus
1069 3114 1218 3168 1111116
1257 3131 1502 3168 amorem
1541 3114 1891 3167 illustrantes
1930 3112 2135 3167 servati
2178 3116 2337 3180 sunt;
2376 3110 2445 3165 cf.
2467 3110 2707 3163 Meinek.

403 3202 440 3255 l.
481 3203 516 3255 l.
553 3221 606 3272 p.
644 3204 746 3256 219
785 3220 865 3271 sq.
939 3202 1150 3257 Tamen
1187 3202 1477 3272 Euripidis
1525 3203 1773 3257 imitatio
1830 3201 2269 3271 deprehenditur
2317 3201 2377 3253 in
2418 3216 2501 3259 eo,
2560 3197 2709 3266 quod

404 3291 472 3345 de
519 3295 670 3346 casto
717 3293 934 3358 iuvene,
997 3293 1095 3361 qui
1145 3292 1331 3346 Iovem
1388 3292 1725 3361 hospitalem
1785 3291 1999 3345 veritus
2053 3291 2342 3344 mulierem
2401 3290 2709 3354 aversatur,

402 3381 723 3436 Alexander
746 3382 946 3451 pangit
972 3398 1024 3435 v.
1051 3382 1137 3433 16:
1178 3375 1398 3450 κρήναις
1437 3384 1528 3432 καὶ
1567 3386 1841 3450 ποταμοῖς
1876 3380 2056 3447 νίψετ’
2094 3374 2269 3437 ἀεικὲς
2308 3378 2456 3435 ἔπος,
2494 3374 2709 3428 Eadem

405 3469 649 3539 imagine
687 3470 872 3523 utitur
910 3468 1249 3537 Hippolytus
1299 3468 1448 3537 apud
1485 3468 1817 3537 Euripidem
1866 3468 2143 3521 nutricem
2196 3470 2431 3535 propter
2485 3462 2709 3516 foedam

403 3558 856 3612 sollicitat-ionem
895 3558 1102 3611 acriter
1141 3557 1373 3611 adortus
1411 3576 1465 3611 v.
1503 3559 1635 3611 653:
1700 3554 1819 3625 ἁγὼ
1862 3558 2038 3625 ῥυτοῖς
2075 3560 2375 3625 νασμοῒσιν
2420 3544 2709 3620 ἐξορμόξο-

403 3666 524 3715 μαι,
575 3646 584 3713 Ι
635 3650 711 3704 εἰς
759 3636 866 3699 ὦτα
933 3640 1152 3708 κλύζων.
1246 3646 1382 3699 Cum
1432 3644 1672 3699 Senecae
1728 3644 2068 3713 Hippolytus
2114 3659 2406 3697 novercam
2462 3657 2709 3695 amorem

405 3734 607 3788 fassam
667 3735 916 3803 increpet
971 3752 1021 3790 v.
1061 3735 1191 3787 715:
1259 3732 1273 3749 ‘
1298 3734 1419 3802 quis
1459 3734 1611 3787 eluet
1647 3750 1737 3787 me
1772 3719 1999 3786 Tanais'
2042 3749 2088 3785 e.
2126 3749 2179 3800 q.
2216 3749 2277 3798 s.‚
2335 3747 2447 3782 non
2494 3728 2711 3797 dubito,

405 3823 540 3891 quin
577 3823 877 3891 Euripides
914 3822 1022 3877 hoc
1059 3827 1449 3876 ornamentum
1491 3821 1562 3875 ab
1603 3821 1797 3875 eadem
1836 3820 2021 3874 Velati
2058 3836 2255 3873 scaena
2291 3822 2579 3871 mutuatus
2618 3818 2709 3871 sit.

403 3912 600 3980 Itaque
642 3911 713 3965 ad
753 3911 900 3965 idem
943 3912 1227 3979 exemplar
1267 3911 1629 3965 referendum
1669 3910 1793 3977 erit,
1834 3909 1983 3977 quod
2014 3909 2148 3962 deus
2186 3907 2530 3961 vaticinatur
2568 3924 2617 3960 v.
2647 3910 2710 3963 13

402 4001 648 4068 puellam
673 4000 848 4054 amati
884 4001 1102 4053 iuvenis
1139 4000 1376 4069 genibus
1415 3999 1813 4053 advoluturam
1848 4015 1991 4066 esse3
2030 4016 2161 4051 113111
2199 4014 2231 4049 3
2270 4001 2384 4049 tam
2423 3996 2578 4064 turpi
2614 3995 2709 4049 ad-

404 4094 596 4157 spectu
634 4088 692 4141 in
729 4089 910 4157 ipsam
945 4105 1200 4142 scaenam
1237 4088 1601 4157 producendo
1642 4092 1868 4156 poetam
1905 4085 2092 4139 Velati
2130 4084 2426 4154 Hippolyti
2462 4102 2577 4138 11011
2614 4084 2710 4139 ab·

403 4176 659 4229 horuisse
697 4181 862 4231 antea
899 4177 1262 4247 cognovimus
1300 4178 1376 4245 (p.
1415 4179 1517 4241 35).
2406 4181 2411 4186 “

605 4266 628 4297 ⁹
667 4265 1146 4319 Commemoratur
1192 4266 1251 4318 in
1288 4265 1562 4333 Leucippi
1612 4264 1805 4318 fabula
1842 4263 2059 4331 (Parth.
2096 4262 2184 4332 V).
2244 4290 2313 4301 —
2369 4260 2704 4330 Apollonius

401 4351 654 4408 Rhodius
691 4354 784 4410 vix
822 4354 1045 4410 laudari
1080 4356 1284 4426 potest,
1341 4354 1474 4425 quia
1511 4356 1729 4407 veteres
1766 4352 1951 4423 epicos
2000 4352 2059 4407 in
2097 4351 2411 4421 exemplum
2449 4348 2708 4419 sumpsit,
