3157 5028
1558 390 1664 449 116

461 587 602 640 cum
647 566 788 639 Sole
828 567 1318 636 commutatione
1359 564 1528 650 (1.1.)
1573 561 2009 630 Alexandrinis
2061 557 2297 626 usitata
2346 555 2454 641 (cf.
2477 553 2764 624 Schneid.

457 675 501 740 l.
543 675 588 740 1.
632 693 691 756 p.
743 670 911 756 199).
989 705 1070 716 —-
1130 667 1406 734 Eandem
1453 667 1665 732 autem
1712 665 1913 730 artem
1961 661 2196 726 redolet
2236 662 2371 725 tam
2414 660 2523 725 ille
2563 659 2763 724 flavus

461 775 662 859 pudor
705 775 920 840 tenera
973 789 1080 837 ora
1124 770 1418 852 tinguens
1477 767 1622 848 (Ov.
1664 766 1708 830 1.
1752 765 1797 830 l.
1840 764 1979 832 Seu.
2025 763 2069 828 l.
2110 763 2203 844 1.),
2275 761 2523 845 qualem
2580 761 2765 843 poeta

463 876 930 943 Anacreonteus
949 877 967 914 ¹
1017 871 1300 954 Bathylli
1343 869 1521 952 genis
1557 867 1858 950 pictorem
1890 865 2192 930 obducere
2220 863 2539 946 praecipit,
2577 879 2766 944 quam

465 977 677 1061 capilli
723 977 898 1041 nulla
942 975 1080 1056 lege
1125 973 1396 1037 iacentes
1440 969 1501 1034 et
1544 969 1899 1050 incomptus
1941 965 2141 1044 decor,
2196 983 2379 1046 quem
2417 965 2481 1028 et
2508 961 2767 1027 Ovidius

465 1083 533 1161 (1.
581 1080 622 1146 1.
667 1097 726 1143 V.
775 1078 854 1142 75
898 1078 1018 1158 sq.)
1066 1076 1129 1138 et
1173 1073 1404 1138 Seneca
1451 1070 1534 1151 (v.
1581 1070 1723 1134 657.
1770 1065 1921 1151 803)
1968 1067 2299 1131 celebrant.
2386 1064 2548 1129 Nam
2598 1061 2771 1144 cogi-

464 1183 602 1247 tata
672 1178 922 1244 habitus
986 1173 1383 1258 neglegentia
1453 1169 1780 1253 respondet
1848 1169 1903 1234 si
1969 1167 2121 1250 quid
2182 1184 2461 1249 unquam
2530 1164 2769 1230 exculto

465 1279 761 1365 pingendi
825 1277 980 1342 artis
1045 1275 1246 1340 amori
1311 1291 1385 1338 ac
1447 1271 1679 1337 studio,
1766 1271 1989 1352 Itaque
2051 1269 2233 1351 poeta
2295 1267 2402 1331 ille
2455 1265 2771 1330 cincinnos

468 1381 912 1462 incompositos
965 1377 1026 1440 in
1091 1375 1266 1458 pueri
1318 1375 1414 1438 sui
1471 1372 1747 1454 imagine
1802 1370 2041 1436 effictos
2103 1370 2241 1434 vult
2265 1371 2308 1448 ²,
2374 1368 2436 1432 et
2494 1367 2775 1450 picturae

468 1481 886 1564 Pompeianae
931 1476 1176 1544 abunde
1218 1475 1376 1541 talia
1418 1474 1764 1538 illustrant.
1819 1508 1893 1518 —-
1950 1472 2085 1537 Iam
2127 1471 2327 1553 igitur
2370 1469 2649 1551 paratior
2692 1467 2771 1534 ad

467 1580 907 1648 examinandos
939 1579 1094 1642 duos
1124 1576 1334 1643 Ovidii
1381 1576 1548 1640 locos
1595 1573 1875 1656 procedo.
1962 1573 2038 1636 111
2082 1572 2279 1639 altero
2322 1572 2415 1640 ita
2458 1569 2773 1652 componit

471 1683 704 1748 Theseo
748 1680 949 1746 filium
993 1679 1132 1743 Art.
1178 1679 1319 1743 Am.
1365 1676 1414 1756 Ι,
1459 1676 1583 1740 509
1629 1694 1747 1757 sq.:
1788 1694 1799 1708 ·

677 1808 902 1872 Forma
945 1805 1111 1870 viros
1157 1803 1444 1888 neglecta
1492 1802 1684 1868 decet.
1773 1800 2054 1866 Minoida
2100 1800 2367 1864 Theseus

772 1907 1056 1986 abstulit,
1101 1925 1138 1970 a
1182 1904 1358 1970 nulla
1401 1906 1683 1986 tempora
1730 1904 2011 1984 comptus
2056 1921 2192 1970 acu.

675 2008 1088 2092 Hippolytum
1131 2006 1435 2084 Phaedra,
1483 2023 1596 2070 nec
1646 2004 1779 2069 erat
1823 2004 1977 2068 bene
2022 2003 2249 2081 cultus,
2293 2001 2555 2067 amavit.

419 2219 423 2222 Α
479 2139 554 2203 111
599 2136 824 2220 quibus
869 2122 1050 2215 po‘eta
1095 2133 1462 2215 neutiquam
1507 2130 1699 2196 libere
1742 2129 1931 2206 lusit3
1996 2149 2144 2194 nam
2188 2129 2265 2194 de
2308 2128 2528 2193 Thesei
2582 2127 2779 2224 capil—

477 2240 680 2304 lorum
728 2236 903 2301 cultu
947 2235 1132 2316 plura
1176 2234 1404 2298 scimus
1423 2235 1468 2294 3.
1515 2265 1597 2278 —-
1639 2232 1875 2295 Iterum
1909 2248 2052 2296 vero
2097 2231 2273 2312 pater
2315 2229 2379 2292 et
2419 2228 2588 2293 filius
2633 2247 2779 2292 con·
2842 2308 2852 2314 ,

477 2339 764 2402 feruntur
807 2337 873 2401 in
917 2335 1202 2402 distichis
1245 2333 1343 2397 illi
1385 2332 1689 2414 epistulae
1734 2331 1870 2396 loc-o
1915 2331 2451 2413 praecedentibus:

677 2463 817 2527 Hoc
860 2479 1105 2549 quoque
1148 2457 1342 2524 fatale
1383 2459 1495 2541 est,
1539 2456 1777 2540 placuit
1821 2456 2043 2523 domus
2087 2474 2213 2521 una
2256 2453 2525 2532 duabus;

778 2582 876 2628 me
919 2565 1030 2628 tua
1073 2561 1276 2627 forma
1320 2558 1508 2641 capit,
1555 2560 1740 2641 capta
1785 2558 2041 2641 parente
2084 2575 2275 2623 soror.

681 2663 1009 2731 Theseides
1053 2662 1444 2743 Theseusque
1488 2660 1645 2725 duas
1687 2678 1945 2741 rapuere
1986 2678 2258 2725 sorores:

782 2764 993 2847 ponite
1036 2763 1112 2828 de
1155 2763 1368 2827 nostra
1412 2761 1560 2825 bina
1608 2761 1863 2843 tropaea
1906 2760 2091 2826 domo
2108 2763 2154 2825 ⁴.

484 2889 806 2956 Phaedrae
850 2887 1208 2972 provocatio
1251 2886 1331 2951 ad
1375 2886 1574 2951 fatum
1622 2885 1959 2952 artificium
2004 2886 2099 2951 est
2141 2884 2467 2966 tragoedia
2496 2883 2787 2969 dignum3

488 3009 610 3073 quo
663 2989 1023 3072 Euripidem
1078 3006 1144 3053 re
1197 3006 1344 3053 vera
1409 3006 1591 3052 usum
1659 3006 1789 3053 esse
1840 2985 2073 3053 Seneca
2137 2985 2505 3050 documento
2569 2984 2665 3049 est
2727 3002 2785 3049 v.

482 3092 608 3157 665
656 3110 778 3174 sq.:

688 3362 705 3394 ¹
745 3362 952 3416 Anacr.
997 3359 1144 3429 XVI,
1181 3378 1235 3415 v.
1272 3362 1340 3415 18
1380 3378 1460 3430 sq.
1533 3358 1725 3431 Bergk
1756 3359 1821 3415 P.
1858 3358 1923 3415 L.
1964 3360 2050 3415 ed.
2086 3358 2185 3414 111.
2220 3376 2275 3430 p.
2316 3360 2473 3413 1055.

693 3450 716 3482 ²
753 3449 1032 3504 Anacr.1.
1070 3449 1107 3504 1.
1145 3468 1196 3505 v.
1237 3450 1271 3502 6
1308 3466 1389 3518 sq.
1466 3448 1549 3504 cf.
1587 3448 1761 3504 Anth.
1798 3448 1915 3504 Pal.
1952 3443 2079 3511 XII,
2118 3449 2239 3502 192.

689 3539 712 3571 ⁸
750 3538 1086 3593 Plutarchus
1143 3537 1328 3608 (Thes.
1386 3556 1431 3595 c.
1481 3539 1552 3609 V)
1610 3540 1681 3594 de
1731 3538 1943 3594 Theseo
1999 3541 2223 3593 narrat:
2284 3537 2531 3607 ἐκείρατο
2584 3536 2649 3590 δὲ
2702 3538 2793 3603 τῆς

491 3627 735 3701 κεφαλῆς
769 3623 835 3680 τὰ
873 3620 1130 3697 πρόσθεν
1164 3622 1362 3697 μόνον,
1401 3620 1589 3697 ὥσπερ
1612 3621 1853 3699 Ὄμηρος
1887 3628 1999 3699 ἔφη
2036 3622 2160 3685 τοὺς
2180 3619 2461 3694 Ἄβαντας·
2508 3628 2603 3678 καὶ
2636 3626 2793 3678 τοῦτο

487 3716 580 3783 τῆς
615 3716 814 3786 κουρᾶς
848 3712 910 3769 τὸ
949 3718 1113 3784 γένος
1150 3715 1353 3782 Θησηῒς
1389 3710 1702 3787 ὠνομάσθη
1738 3716 1810 3768 δι’
1849 3716 2077 3770 ἐκεῖνον.
2152 3713 2233 3769 Cf.
2268 3712 2527 3769 Schneid.
2565 3713 2700 3768 Call.
2738 3712 2791 3767 11

488 3822 544 3873 p.
588 3804 708 3859 184.
781 3804 971 3860 Naeke
1008 3804 1046 3857 l.
1082 3804 1120 3857 l.
1160 3821 1215 3873 p.
1257 3804 1375 3859 159.

691 3895 714 3925 ⁴
749 3892 914 3947 Haud
951 3896 1162 3947 temere
1193 3891 1449 3947 conicere
1474 3891 1669 3946 videor
1693 3895 1917 3962 poetam
1943 3890 2390 3946 Alexandrinum
2414 3890 2600 3946 nescio
2626 3906 2792 3960 quem

489 3980 690 4035 Thesei
727 3981 785 4035 in
821 3980 990 4035 Creta
1023 3981 1299 4036 versantis
1336 3998 1425 4035 res
1462 3985 1647 4051 gestas
1673 3980 2055 4035 illustrantem
2084 3980 2201 4035 eius
2225 3978 2645 4049 pulchritudine
2670 3977 2793 4032 fuse

489 4069 845 4139 depingenda
881 4069 1167 4138 exemplar
1203 4069 1577 4138 proposuisse,
1638 4069 1710 4124 ad
1747 4069 1900 4137 quod
1934 4068 2173 4123 fortasse
2208 4068 2525 4123 revocanda
2560 4067 2675 4123 sint
2709 4066 2792 4119 di-

491 4160 644 4211 serta
680 4156 750 4211 de
785 4156 986 4211 Thesei
1024 4156 1311 4211 Ariadnae
1345 4156 1593 4227 raptoris
1630 4157 2053 4227 pulchritudine
2100 4156 2449 4212 testimonia:
2507 4154 2712 4225 Hygin.
2752 4152 2793 4207 f.

490 4244 614 4298 270.
671 4242 822 4299 Serv,
849 4244 1018 4315 Verg.
1059 4246 1200 4299 Aen.
1238 4245 1333 4311 VI,
1376 4247 1458 4299 14.
1515 4244 1801 4316 Mythogr.
1830 4246 2005 4301 Vatic.
2040 4247 2087 4315 I,
2122 4247 2221 4314 433
2258 4244 2328 4315 11,
2358 4246 2477 4297 124.
2533 4241 2793 4298 Eustath.

493 4332 720 4399 Dionys.
759 4332 976 4403 Perieg.
1021 4334 1172 4387 1017.
1233 4333 1447 4389 Choric.
1486 4333 1571 4389 ed.
1612 4333 1786 4388 Boiss.
1826 4350 1881 4404 p.
1925 4336 2047 4389 158.
2084 4364 2149 4373 —
2189 4332 2441 4387 Catullus
2481 4330 2551 4399 (c.
2589 4328 2794 4399 LXIV)

491 4421 726 4489 sparsim
775 4421 846 4475 ad
882 4421 1068 4475 herois
1102 4421 1582 4491 pulchritudinem
1620 4422 1824 4478 alludit
1860 4421 1951 4492 (cf.
1979 4441 2029 4477 v.
2056 4422 2143 4477 98.
2176 4422 2314 4489 175).
