3157 5028
1477 361 1576 416 121

381 536 623 619 Itaque,
668 536 733 600 in
779 555 900 618 quo
945 536 1033 600 rei
1077 535 1263 601 cardo
1305 535 1595 614 vertitur,
1642 535 1826 618 poeta
1870 534 1977 600 ille
2008 533 2465 599 Alexandrinus
2509 553 2688 617 nym-

345 657 354 663 ·
389 637 525 720 phis
569 655 634 701 re
681 655 827 702 vera
871 636 1173 720 quasdam
1218 637 1428 719 partes
1474 636 1713 701 dedisse
1771 635 2048 711 videtur3
2114 653 2235 718 quo
2289 635 2532 717 spectat
2576 634 2686 701 Se-

387 757 572 803 necae
634 737 1002 803 vaticinatio
1053 752 1125 802 ‘v.
1174 737 1295 802 774
1339 756 1462 820 sq.:
1528 734 1625 801 ‘te
1688 755 1935 802 nemore
1998 736 2213 801 abdito
2279 769 2358 782 -
2433 734 2686 817 cingent

382 838 567 903 turba
611 837 802 902 licens
848 837 1058 902 naides
1101 829 1464 920 improbae'.
1496 865 1588 882 ·-—-
1648 837 1819 918 Quae
1864 836 2075 902 omnia
2117 835 2420 902 contendo
2465 836 2683 901 mutuo

383 956 448 1003 se
501 937 737 1002 lumine
795 938 1130 1005 illustrare.
1215 937 1476 1003 Accedit
1534 938 1816 1022 denique,
1886 938 2049 1021 quod
2094 936 2325 1004 Seneca
2386 940 2474 1018 (V.
2523 937 2687 1001 1080

385 1039 504 1121 sq.)
566 1039 844 1103 monstro
921 1038 1128 1105 subito
1207 1038 1454 1104 obviam
1534 1039 1821 1104 currente
1892 1037 2151 1104 fatalem
2216 1037 2494 1116 ruinam,
2563 1055 2687 1120 qua
2712 1097 2727 1102 -

384 1139 762 1221 Hippolytus
810 1138 885 1204 de
929 1157 1113 1204 curru
1159 1139 1621 1222 praecipitetur,
1675 1137 2015 1205 adductam
2058 1157 2187 1205 aese
2229 1138 2433 1222 fingit,
2498 1138 2687 1220 atque
2791 1175 2801 1184 -

385 1240 449 1305 id
495 1241 573 1307 ab
619 1240 914 1323 Euripide
959 1239 1133 1324 (Hip.
1162 1243 1324 1308 1232
1349 1239 1466 1324 sq.)
1497 1241 1815 1322 recedens3
1862 1261 2043 1326 quem
2090 1239 2348 1306 eundem
2396 1240 2687 1305 eventum

385 1341 806 1406 Philostratus
851 1342 1062 1408 sumit.
1150 1343 1288 1408 Iam
1333 1361 1477 1408 vero
1522 1344 1811 1425 prompta
1851 1343 1945 1408 est
1982 1343 2339 1408 coniectura
2368 1341 2684 1414 Senecam,

385 1461 525 1507 cum
571 1442 814 1508 virilem
845 1444 1120 1526 corporis
1152 1443 1418 1510 formam
1458 1443 1673 1509 eadem
1701 1443 1964 1527 ratione,
2009 1461 2132 1525 qua
2161 1442 2373 1508 Ovidii
2400 1440 2684 1506 Phaedra

385 1543 646 1608 eundem
689 1544 936 1610 heroem
993 1545 1309 1610 celebrans
1372 1545 1549 1627 (Her.
1598 1545 1708 1627 IV,
1756 1546 1835 1609 79
1878 1547 2019 1628 sq.)‚
2086 1543 2429 1628 legentium
2490 1542 2687 1608 oculis

383 1644 660 1709 subicere
725 1646 980 1710 conetur
1045 1649 1129 1722 (v.
1189 1647 1311 1711 809
1366 1647 1505 1730 sq.)‚
1568 1664 1691 1711 non
1752 1646 1956 1729 ipsum
2024 1644 2317 1711 Ovidium
2382 1643 2488 1709 sed
2552 1643 2685 1708 eius

385 1746 694 1828 exemplar
740 1746 1146 1828 exscripsisse.
1204 1747 1451 1811 Etenim
1495 1747 1718 1812 similis
1761 1745 2123 1811 illustrandi
2152 1745 2314 1812 ratio
2344 1745 2411 1809 in
2441 1743 2686 1827 Scyllae

343 1925 348 1930 ¹
385 1847 634 1912 fabula¹
679 1847 902 1928 probat
941 1847 1097 1913 talia
1142 1847 1222 1912 ad
1267 1848 1583 1913 tumidum
1607 1847 2174 1914 Alexandrinorum
2202 1846 2268 1910 in
2297 1843 2685 1928 depingenda

385 1947 656 2030 corporis
701 1948 1167 2031 pulchritudine
1210 1949 1583 2032 apparatum
1628 1948 2013 2031 pertinuisse.
2176 1935 2183 1938 ⁸

507 2101 512 2106 .
584 2050 805 2114 Restat
843 2050 1003 2116 alter
1033 2050 1353 2116 Romanae
1391 2050 1751 2134 tragoediae
1795 2049 1986 2129 loona,
2033 2068 2154 2134 quo
2198 2047 2409 2111 nutrix
2454 2044 2685 2111 amoris

390 2150 597 2216 morbi
661 2151 969 2234 tacitique
1016 2149 1303 2217 desiderii
1363 2153 1558 2235 signis
1614 2150 2047 2217 enumerandis
2104 2148 2433 2214 immodice
2476 2165 2539 2210 se
2583 2164 2686 2209 ex-

335 2257 340 2262 '
385 2251 591 2316 tendit
643 2252 730 2332 (v,
775 2253 858 2316 36
906 2252 1044 2335 sq.)‚
1112 2271 1301 2336 quam
1346 2252 1676 2318 molestam
1726 2250 2174 2334 loquacitatem
2225 2268 2335 2332 pro
2380 2265 2539 2313 novo
2584 2264 2687 2310 ar-

383 2354 681 2436 gumento
725 2351 974 2418 indiciis
1019 2354 1199 2436 quasi
1243 2355 1511 2418 externis
1564 2353 1806 2418 adicere
1848 2353 2025 2435 licet,
2085 2350 2310 2435 quibus
2366 2349 2433 2413 in
2483 2348 2685 2414 altera

386 2454 828 2538 disputationis
868 2454 1046 2537 parte
1085 2453 1256 2521 nisus
1297 2455 1583 2522 suturam
1616 2453 2007 2521 adventiciae
2036 2450 2192 2519 artis
2222 2452 2286 2517 in
2317 2452 2435 2516 hac
2462 2467 2683 2514 scaena

383 2555 577 2620 latere
618 2556 967 2638 suspicatus
1011 2574 1148 2620 sum
1195 2553 1283 2639 (p.
1331 2556 1461 2637 29).
1549 2556 1719 2622 Nam
1779 2554 2051 2638 optimus
2102 2553 2363 2637 quisque
2404 2550 2685 2634 tragicus

383 2657 564 2739 poeta
606 2656 672 2719 in
715 2656 946 2721 talibus
998 2656 1181 2722 rebus
1226 2657 1388 2721 nude
1432 2658 1492 2722 et
1537 2657 1808 2722 tenuiter
1848 2654 2253 2722 denarrandis
2297 2672 2423 2719 non
2464 2650 2683 2717 immo·

381 2758 643 2834 rabitur,
690 2757 763 2822 ut
807 2757 915 2842 qui
961 2757 1270 2822 actionem
1299 2776 1536 2840 semper
1561 2757 2043 2839 circumspiciat,
2076 2754 2177 2820 cui
2200 2755 2445 2821 animus
2476 2753 2685 2819 atten-

383 2856 587 2922 datur.
675 2856 898 2941 Itaque
941 2859 1267 2941 Euripides
1310 2858 1375 2923 id
1419 2860 1672 2944 quidem
1716 2859 1783 2924 in
1826 2859 2189 2923 transcursu
2232 2855 2443 2939 tangit
2490 2854 2682 2919 Phae-

382 2957 562 3023 dram
633 2958 769 3024 cibo
841 2958 1152 3026 abstinere
1229 2978 1425 3043 neque
1491 2959 1838 3043 quidquam
1896 2958 2060 3025 idem
2121 2957 2377 3023 dubiam
2447 2974 2684 3038 semper

382 3059 668 3141 appetere
687 3062 732 3138 ²,
787 3059 932 3137 alia,
977 3080 1136 3144 quae
1178 3063 1361 3145 poeta
1406 3062 1727 3127 Romanus
1770 3062 2041 3137 enarrat,
2112 3060 2230 3143 ipsi
2274 3076 2531 3124 scaenae
2574 3075 2685 3139 po-

384 3160 511 3223 tius
553 3164 617 3223 et
660 3160 892 3226 actioni
936 3161 1016 3227 ad
1058 3162 1504 3227 illustrandum
1551 3162 1664 3228 dat
1679 3166 1723 3229 ³.
1812 3162 1958 3228 Alia
2003 3162 2265 3244 denique
2308 3160 2453 3224 huic
2496 3158 2685 3224 Sene—

383 3279 490 3326 cae
534 3278 791 3325 scaenae
833 3262 1046 3327 assuta
1088 3282 1234 3341 esse,
1282 3282 1439 3346 quae
1473 3264 1622 3329 solis
1644 3264 1891 3328 serioris
1914 3262 2140 3327 aetatis
2163 3261 2412 3327 eroticis
2436 3257 2683 3341 propria

381 3364 527 3439 sint,
573 3361 648 3427 de
679 3361 836 3427 Ciris
883 3363 1216 3445 exemplari
1260 3364 1585 3447 disputans
1628 3365 1757 3429 iam
1801 3362 2151 3447 significavi
2197 3360 2285 3444 (p.
2311 3362 2390 3426 87
2418 3358 2564 3443 sq.):
2612 3358 2685 3422 ut

382 3465 626 3529 aestum
650 3464 938 3544 tacitum,
982 3464 1091 3549 qui
1117 3465 1296 3529 vultu
1323 3465 1639 3547 proditur3
1682 3464 1878 3530 lassas
1907 3482 2116 3547 genas,
2158 3464 2492 3528 nocturnas
2536 3478 2687 3542 que-

382 3565 560 3643 relaS‚
601 3565 838 3648 pallida
881 3585 1008 3645 ora,
1055 3566 1361 3631 marcidos
1407 3565 1635 3649 oculoS‚
1680 3566 1925 3631 crebras
1966 3564 2259 3630 lacrimas
2286 3567 2368 3639 (v,
2393 3563 2517 3626 362
2541 3561 2683 3642 sq.).

385 3664 519 3745 Quo
585 3666 896 3747 pertinent
950 3667 1142 3732 etiam
1196 3685 1252 3731 v.
1298 3667 1622 3746 99—-111,
1680 3666 1904 3751 quibus
1956 3664 2239 3731 Phaedra
2296 3664 2434 3746 ipsa
2488 3659 2685 3727 animi

382 3766 478 3831 sui
526 3766 1019 3850 aegrotationem
1064 3768 1126 3832 et
1171 3768 1704 3849 perturbationem
1758 3768 1891 3832 fuse
1934 3765 2235 3849 depingit.
2325 3765 2417 3828 De
2460 3762 2683 3845 quibus

381 3869 763 3933 ornamentis
807 3869 948 3933 nolo
994 3870 1197 3934 multa
1245 3869 1430 3935 verba
1485 3869 1707 3951 facere,
1764 3887 1905 3934 cum
1958 3865 2321 3949 praesertim
2386 3863 2685 3930 exhausta

589 4144 607 4175 ¹
646 4143 748 4198 Ov.
788 4144 924 4199 Met.
965 4143 1114 4213 VIII,
1152 4146 1222 4200 25
1258 4162 1338 4215 sq.
1414 4145 1496 4200 Cf.
1536 4146 1706 4215 Prop.
1745 4144 1817 4213 ΙΙ,
1859 4147 1904 4199 1.
1945 4148 1977 4197 5
2016 4161 2099 4213 sq.

587 4232 609 4265 ²
648 4231 731 4286 Of.
770 4231 896 4287 Sen.
932 4234 1056 4294 373,
1093 4232 1230 4287 Eur.
1276 4235 1376 4287 135
1413 4251 1492 4303 sq.
1531 4235 1654 4287 275.
1707 4263 1771 4273 —
1812 4232 1937 4288 Sen.
1977 4233 2099 4298 365,
2139 4230 2277 4285 Eur.
2320 4229 2438 4284 183.

585 4320 608 4353 ³
643 4320 729 4376 cf.
769 4320 894 4377 Scn.
931 4320 1034 4377 367
1073 4339 1174 4392 sq„
1210 4322 1346 4377 Eur.
1389 4324 1491 4376 170
1525 4322 1606 4393 sq}
1646 4350 1715 4362 -
1752 4320 1875 4377 Sen.
1914 4324 2020 4376 370
2057 4337 2160 4390 sq„
2197 4318 2335 4373 Eur.
2378 4319 2481 4372 198
2514 4333 2595 4386 sq.
