3157 5028
1480 397 1548 452 19

362 570 754 652 contraxerit,
798 588 924 634 non
967 570 1270 652 extemplo
1317 569 1568 635 abiciat.
1664 569 1903 651 Itaque,
1962 587 2102 633 cum
2147 570 2210 633 in
2256 570 2455 652 primo
2499 570 2658 634 libro

361 670 518 734 nihil
580 670 646 733 id
702 688 895 753 genus
961 670 1482 752 deprehendatur,
1562 671 1747 751 poeta
1811 670 2038 734 iterum
2114 671 2285 734 canit
2349 670 2432 748 ΙΙ,
2480 671 2536 734 3.
2586 671 2661 734 8:

358 789 633 836 amorem
680 789 997 852 nunquam
1039 771 1199 849 tolli,
1261 773 1448 853 atque
1501 771 1566 835 in
1612 772 1904 853 sequente
1964 771 2239 836 carmine
2282 771 2521 836 multus
2567 771 2659 835 est

358 871 434 937 de
478 872 690 938 eadem
734 890 802 936 re
843 873 929 950 II,
973 872 1034 936 4.
1081 873 1151 935 7:

643 992 764 1038 non
809 971 910 1038 hic
954 973 1143 1039 herba
1187 972 1374 1056 valet,
1418 989 1542 1037 non
1586 973 1689 1037 hic
1733 973 2037 1039 nocturna
2088 972 2351 1058 CytaeiS,
2450 998 2455 1006 ’

740 1093 862 1138 non
907 1073 1300 1138 Perimedeae
1345 1073 1634 1155 gramina
1675 1074 1850 1138 cocta
1896 1093 2133 1138 manus.

357 1173 686 1239 Veneficiis
732 1176 943 1240 autem
974 1175 1173 1256 primo
1219 1175 1719 1239 commemoratis
1748 1193 1997 1256 prorsus
2040 1174 2254 1239 eodem
2284 1175 2485 1254 mod0,
2534 1195 2654 1258 quo

357 1276 569 1340 nostro
629 1276 784 1356 loce,
852 1277 918 1340 in
984 1275 1384 1358 sequentibus
1457 1275 1727 1357 exposite
1789 1275 1863 1340 de
1928 1275 2182 1341 medicis
2248 1278 2479 1360 agitur,
2550 1277 2657 1358 qui

355 1378 669 1442 amantem
714 1377 947 1442 frustra
991 1397 1028 1442 a
1075 1375 1289 1440 funere
1331 1395 1624 1442 revocare
1673 1376 1983 1440 studeant.
2052 1376 2331 1459 Denique
2373 1379 2439 1442 in
2484 1396 2655 1459 prae-

357 1479 524 1543 claro
567 1479 678 1544 illo
721 1478 994 1543 carmine
1031 1478 1145 1561 IV,
1191 1478 1272 1542 24
1305 1477 1410 1560 H.,
1481 1476 1745 1542 Goethio
1797 1479 1851 1542 si
1896 1477 2059 1560 quod
2116 1497 2389 1561 unquam
2446 1477 2656 1561 dign0‚

355 1580 536 1662 poeta
599 1579 769 1644 canit
813 1599 869 1644 v.
913 1580 954 1642 9
999 1598 1124 1662 sq.:
1192 1579 1422 1644 amoris
1487 1578 1698 1661 ignem
1760 1580 2098 1642 torrentem
2162 1597 2359 1661 neque
2408 1579 2655 1660 patrios

353 1681 586 1746 amicos
639 1677 758 1746 sibi
816 1682 1089 1763 potuisse
1146 1683 1424 1746 avertere
1477 1699 1673 1762 neque
1720 1679 2081 1745 Thessalam
2138 1699 2355 1762 sagam
2421 1679 2655 1759 eluere;

354 1802 476 1848 non
521 1781 682 1847 ferro
727 1801 850 1847 non
894 1783 1040 1866 igne
1090 1783 1230 1866 cogi
1279 1801 1342 1848 se
1385 1783 1677 1866 potuisse,
1745 1782 1815 1846 ut
1857 1780 2161 1865 Cynthiae
2221 1780 2435 1845 laudes
2477 1800 2657 1846 revo-

355 1885 525 1948 caret
547 1885 582 1947 ¹.
646 1884 858 1949 Invito
889 1885 1089 1967 igitur
1132 1885 1341 1949 animo
1387 1885 1448 1948 et
1495 1884 1861 1968 cogentibus
1892 1882 2109 1947 amicis
2140 1880 2246 1966 (cf.
2268 1881 2319 1965 I,
2349 1883 2402 1945 1.
2428 1882 2509 1945 25
2532 1885 2653 1965 sq.)

353 1986 534 2066 poeta
591 1985 790 2049 saucii
847 1986 1112 2067 pectoris
1189 1985 1491 2071 auxilium
1555 1984 2059 2066 circumspexisse
2114 1982 2481 2066 cogitandus
2534 1983 2657 2058 est;

354 2096 542 2168 atque
585 2087 701 2150 hoc
749 2104 928 2150 sensu
973 2085 1276 2168 gerundia
1321 2104 1390 2150 eo
1435 2086 1591 2165 loco,
1660 2105 1697 2150 a
1750 2103 1870 2168 quo
1928 2084 2231 2163 aberravi,
2296 2083 2654 2166 accipienda

335 2173 516 2251 sunt.
605 2185 777 2266 Quae
822 2187 1026 2268 potius
1079 2205 1290 2252 eorum
1345 2187 1847 2268 interpretationi
1914 2185 2188 2265 obstant,
2254 2186 2361 2268 qui
2403 2187 2651 2250 tantum

315 2339 319 2344 .
353 2307 587 2354 venena
617 2289 963 2371 periculosa
999 2287 1440 2370 mortiferaque
1478 2305 1761 2370 perverse
1794 2287 2167 2369 intellegant
2181 2283 2249 2370 ²),
2294 2287 2366 2350 ut
2411 2287 2654 2352 taceam

354 2389 428 2454 de
457 2409 546 2473 eo,
593 2389 753 2472 quod
777 2388 1099 2453 Phaedrae
1125 2388 1346 2471 pocula
1388 2408 1428 2453 a
1473 2406 1641 2452 mero
1685 2405 1919 2452 veneno
1965 2386 2287 2452 mortifero
2318 2387 2452 2452 toto
2485 2388 2652 2453 caelo

354 2491 612 2557 distant.
671 2492 869 2555 Immo
916 2489 1018 2555 hic
1047 2509 1288 2555 sensus:
1334 2490 1482 2555 licet
1512 2507 1707 2572 usque
1737 2488 1815 2554 ad
1846 2507 2052 2554 necem
2086 2487 2295 2553 omnia
2334 2488 2650 2569 temptem,

357 2593 581 2675 quibus
625 2592 854 2657 amoris
905 2592 1190 2657 flammas
1235 2592 1649 2673 exstinguam,
1712 2590 1992 2667 exitium,
2040 2589 2203 2671 quod
2246 2590 2653 2671 sempiternus
2726 2628 2731 2633 ‚

348 2693 451 2757 hic
480 2712 655 2758 amor
687 2694 1020 2774 paraturus
1051 2695 1161 2771 est,
1209 2712 1330 2758 non
1361 2692 1629 2757 evitabo.
1678 2692 1793 2757 Cui
1840 2690 2128 2756 videlicet
2171 2690 2353 2772 poeta
2382 2690 2650 2754 alteram

347 2794 742 2869 sententiam,
787 2796 859 2857 ut
889 2794 1065 2870 solet,
1100 2793 1441 2858 assimilat:
1487 2812 1549 2857 se
1580 2794 1762 2857 unius
1796 2810 2006 2857 amore
2047 2791 2419 2873 periturum3
2464 2790 2650 2855 fidem

348 2894 510 2959 enim
557 2914 734 2978 saepe
778 2895 1092 2977 promittit
1136 2895 1241 2975 (cf.
1289 2895 1408 2974 III,
1457 2895 1553 2959 13.
1607 2896 1725 2971 36;
1789 2895 1888 2958 20.
1938 2894 2013 2957 17
2060 2912 2185 2975 sq.;
2253 2893 2353 2956 24.
2398 2893 2479 2956 33
2524 2911 2648 2973 sq.;

347 2997 447 3060 25.
493 2996 646 3078 9sq.
691 2995 800 3078 IV,
826 2997 923 3060 15.
947 2997 1029 3060 46
1053 2996 1164 3076 H).
1251 2994 1546 3078 Prospere
1594 2996 1859 3079 denique
1904 2994 2152 3072 accidit,
2199 2992 2364 3076 quod
2389 2992 2649 3057 Ovidius

345 3096 480 3161 fuse
515 3098 732 3161 narrat
774 3098 1057 3162 Medeam
1099 3097 1162 3161 et
1203 3095 1420 3162 Circen
1450 3097 1953 3162 devinctionibus
1984 3097 2047 3160 et
2080 3094 2385 3159 veneficiis
2418 3092 2649 3157 frustra

346 3216 594 3280 operam
638 3197 876 3262 dedisse
936 3198 1017 3263 ad
1063 3198 1292 3262 amoris
1352 3197 1624 3263 furorem
1684 3196 2143 3279 reprimendum
2187 3196 2391 3276 (Rem.
2434 3196 2647 3260 Amor.

348 3300 467 3363 261
516 3318 605 3381 sq.
656 3300 778 3363 287
827 3299 970 3382 sq.),
1013 3299 1084 3362 ut
1124 3299 1251 3363 iam
1297 3298 1376 3363 ab
1419 3298 1536 3363 bac
1567 3318 1813 3381 quoque
1842 3299 2019 3387 parte
2048 3316 2186 3361 mea
2216 3294 2649 3377 interpretatio

347 3400 490 3464 tuta
533 3400 633 3464 sit.
725 3400 808 3463 At
852 3418 1010 3464 unus
1054 3401 1248 3464 restat
1291 3398 1370 3463 ad
1415 3397 1950 3481 interpretandum
1994 3401 2203 3463 versus
2248 3398 2359 3461 52:
2400 3394 2646 3478 ‘pocula

553 3636 572 3667 ¹
613 3635 860 3690 Medium
897 3654 1121 3691 carmen
1162 3655 1226 3691 eo
1265 3654 1526 3692 versuum
1563 3637 1779 3705 ordine,
1835 3654 1945 3706 quo
1984 3652 2134 3690 nunc
2169 3636 2394 3706 legitur,
2452 3638 2647 3703 aptum

351 3740 570 3778 sensum
610 3742 722 3778 non
758 3726 1008 3793 praebet,
1069 3743 1400 3795 quocunque
1442 3727 1608 3780 modo
1645 3744 1698 3779 v.
1737 3728 1769 3779 9
1808 3744 1887 3795 sq.
1926 3724 2317 3794 interpretaris
2364 3726 2420 3777 et
2458 3740 2648 3791 quam-

352 3831 569 3882 cunque
604 3831 796 3867 versus
838 3816 904 3866 12
942 3814 1286 3869 curationem
1323 3818 1585 3887 temptas.
1646 3814 1987 3869 Movendum
2022 3831 2140 3867 esse
2178 3830 2210 3867 a
2246 3830 2346 3865 suo
2383 3812 2508 3865 loco
2535 3828 2649 3865 non

349 3906 574 3957 tantum
598 3902 879 3957 distichon
905 3922 958 3957 v.
989 3906 1215 3971 13-14,
1252 3921 1450 3963 verum
1475 3904 1647 3957 etiam
1683 3908 1947 3957 monente
1982 3920 2070 3956 me
2107 3900 2449 3955 Buechelero
2487 3916 2649 3969 prae·

351 3990 548 4045 cedens
585 3996 644 4045 et
680 3990 974 4045 inserenda
1010 3992 1110 4046 illa
1145 3996 1273 4062 post
1311 4010 1363 4047 v,
1393 3994 1427 4045 8
1451 4010 1778 4061 persuasum
1802 3992 2000 4046 habeo,
2056 3990 2199 4043 Tum
2227 3990 2449 4063 demum
2473 4005 2646 4041 unum

248 4099 256 4108 ·
352 4078 612 4147 quodque
635 4079 870 4134 verbum
891 4079 1079 4146 habet,
1119 4098 1228 4149 quo
1249 4084 1380 4149 apte
1405 4080 1703 4149 referatur,
1742 4085 1799 4135 et
1827 4078 2128 4150 descriptio
2153 4077 2415 4148 naufragi
2442 4076 2647 4131 amoris

350 4166 651 4221 artificiose
688 4170 1078 4238 progreditur3
1114 4188 1166 4223 v.
1200 4172 1259 4221 11
1297 4187 1376 4238 sq.
1414 4169 1596 4224 scribe
1622 4188 1747 4223 cum
1772 4170 2045 4237 Hauptio:
2084 4164 2162 4222 ‘et
2186 4169 2307 4237 ipsa
2326 4166 2645 4236 Naufragus

351 4257 578 4326 Aegaea
612 4274 748 4311 vera
785 4257 1005 4311 fatebar
1050 4253 1206 4326 aqua'
1248 4258 1354 4312 hoc
1401 4274 1587 4313 sensu:
1628 4263 1793 4328 atque
1842 4259 1980 4313 adeo
2030 4257 2337 4327 naufragus
2376 4254 2647 4323 Cynthiae

351 4342 544 4397 laudes
579 4360 740 4397 veras
777 4361 895 4399 esse
931 4344 1330 4399 asseverabam.

557 4431 580 4463 ²
618 4431 698 4486 Cf.
737 4432 942 4486 Tibull.
979 4432 1051 4495 H,
1089 4435 1139 4487 4.
1168 4435 1250 4487 -55
1286 4450 1368 4501 sq.
1405 4433 1572 4503 Prop.
1612 4434 1655 4501 1,
1694 4434 1743 4487 5.
1780 4437 1842 4502 63
1879 4434 1980 4495 ΙΠ,
2019 4435 2108 4487 24.
2146 4433 2213 4485 27
2254 4449 2335 4500 sq.
2372 4431 2440 4484 H.
