3157 5028
1604 383 1675 438 36

486 550 596 618 καὶ
637 552 1022 637 κατηγορίας
1063 543 1246 635 ἄξιον
1293 553 1472 638 (Arg.
1515 555 1663 621 Eur.
1705 553 1905 639 Hip),
1945 574 2069 619 non
2114 555 2351 620 dubito.
2438 556 2529 620 At
2549 556 2795 638 Hippo-

487 652 656 735 lytus
718 654 813 718 ira
873 653 1268 720 effervescens
1327 655 1587 737 stringit
1632 674 1861 738 ensem,
1920 656 2179 720 mortem
2232 643 2525 721 minatur.
2612 656 2792 720 Tunc

485 753 772 819 Phaedra
797 773 855 820 v.
885 755 1039 820 710:
1083 753 1470 838 ‘Hippolyta
1509 774 1676 820 nunc
1705 775 1804 821 me
1836 756 2179 837 compotem
2210 755 2341 820 voti
2372 747 2558 820 facis'
2581 775 2629 820 e.
2657 775 2716 838 q.
2742 775 2791 820 s,

486 853 605 918 His
659 855 944 920 omnibus
979 855 1228 920 Musam
1270 875 1411 920 vere
1453 857 1765 940 tragicam
1800 858 1861 920 et
1892 854 2128 922 Graeco
2174 857 2355 938 poeta
2389 856 2646 939 dignam
2680 856 2793 920 ad-

487 954 753 1038 spirasse
802 956 900 1021 vel
957 957 1032 1036 is,
1100 957 1209 1039 qui
1262 957 1539 1022 sensibus
1593 956 1903 1023 alienatus
1948 957 2057 1039 est,
2122 957 2351 1022 sentire
2392 957 2631 1022 debet¹.
2715 957 2790 1020 In

491 1056 820 1140 Hippolyti
868 1057 1080 1122 autem
1141 1057 1466 1122 iracundia
1517 1056 1728 1136 ,ablati
1798 1057 2333 1139 deprecationibus
2390 1058 2688 1123 introitus
2730 1077 2790 1122 v,

484 1157 604 1220 671
637 1176 725 1239 sq.
771 1157 1055 1238 componi
1079 1159 1282 1239 potest
1311 1176 1453 1222 cum
1487 1157 1633 1222 Eur.
1680 1158 1827 1240 Hip.
1876 1160 1996 1223 601
2042 1177 2132 1240 sq.
2178 1160 2241 1222 et
2284 1158 2422 1225 Sen.
2470 1178 2527 1225 v.
2555 1161 2675 1224 715
2699 1177 2790 1242 sq.

486 1274 624 1321 cum
674 1257 820 1321 Eur.
876 1277 935 1323 v.
988 1259 1144 1334 6533
1210 1259 1496 1342 quamvis
1561 1258 1628 1321 in
1693 1258 1899 1324 furore
1966 1261 2325 1342 erumpente
2382 1259 2793 1325 immoderate

482 1357 872 1441 depingendo
920 1358 1130 1426 rhetor
1177 1358 1502 1441 grassatus
1546 1358 1649 1422 sit.

682 1458 819 1524 Iam
865 1477 1008 1524 vero
1052 1458 1228 1523 filum
1274 1457 1522 1523 fabulae
1567 1458 2029 1539 restaurandae,
2076 1462 2383 1542 quatenus
2412 1459 2478 1524 id
2506 1458 2789 1524 hocloco

484 1557 617 1623 fieri
660 1561 881 1641 potest,
927 1559 1236 1641 pertexere
1280 1558 1629 1623 conveniat.
1715 1559 1911 1624 Poeta
1955 1559 2275 1626 Romanus
2320 1559 2549 1625 nodum
2596 1559 2791 1623 nectit

483 1658 717 1741 gladio,
785 1679 966 1742 quem
1021 1659 1402 1742 Hippolytus
1461 1659 1657 1724 abicit
1710 1678 1767 1724 v.
1816 1659 1974 1739 714,
2033 1660 2245 1724 nutrix
2294 1661 2519 1743 arripit
2562 1661 2787 1742 pignus

483 1760 728 1825 sceleris
773 1780 830 1825 v,
876 1761 1018 1843 730,
1084 1759 1371 1826 Phaedra
1433 1761 1661 1826 marito
1726 1763 2175 1826 commonstrat
2230 1763 2311 1828 ad
2372 1764 2789 1844 stupratorem

483 1862 943 1944 coarguendum
990 1881 1045 1926 v,
1093 1861 1216 1926 896
1261 1879 1352 1944 sq.
1443 1859 1604 1926 Cum
1658 1859 1993 1925 verisimile
2048 1863 2133 1926 sit
2172 1864 2453 1944 Aegeum
2496 1863 2560 1926 in
2606 1863 2789 1928 Euri-

482 1961 644 2044 pidis
689 1962 1046 2047 cognomini
1090 1963 1304 2028 fabula
1349 1961 1551 2026 filium
1595 1963 1792 2045 signis
1835 1963 1933 2028 sui
1971 1963 2215 2046 generis
2252 1963 2596 2046 agnovisse,
2630 1983 2789 2047 quae

479 2063 546 2128 in
591 2064 812 2146 capulo
858 2062 1058 2147 gladii
1101 2063 1334 2128 eburno
1355 2111 1371 2142 ,
1429 2063 1500 2126 ut
1547 2062 1809 2128 Ovidius
1854 2063 2024 2141 dicit,
2081 2063 2389 2143 videret2,
2459 2064 2660 2129 nescio
2705 2082 2787 2130 an

481 2166 664 2247 poeta
707 2165 1026 2230 Romanus
1072 2161 1294 2228 Graeci
1359 2163 1803 2228 auctoritatem
1878 2163 2195 2247 amplexus
2260 2164 2361 2242 sit,
2424 2183 2565 2230 cum
2622 2165 2788 2229 hunc

479 2265 683 2347 ipsum
747 2265 1031 2348 gladium
1096 2262 1330 2328 actioni
1388 2262 1771 2346 illigandum
1840 2265 2103 2330 curaret.
2186 2264 2387 2346 Quam
2434 2266 2785 2350 opinionem
2876 2271 2881 2274 ’

479 2366 605 2432 alio
653 2365 788 2431 loco
832 2365 1168 2432 stabiliam.

681 2467 985 2533 Theseum
1030 2464 1194 2549 apud
1240 2464 1601 2548 Euripidem
1646 2483 1890 2550 quoque
1934 2467 2012 2532 ab
2059 2465 2275 2532 inferis
2323 2467 2551 2533 redisse
2594 2501 2674 2512 --
2717 2467 2787 2531 in

483 2587 606 2651 qua
658 2587 724 2633 re
775 2568 926 2634 olim
977 2568 1135 2633 falso
1189 2566 1270 2631 ad
1321 2566 1444 2648 frg.
1489 2566 1615 2630 446
1659 2585 1993 2649 provocare
2036 2568 2321 2633 solebant
2371 2604 2441 2613 --
2490 2569 2609 2634 Leo
2653 2568 2784 2631 iam

479 2668 767 2750 probavit
811 2666 882 2751 (l.
906 2668 948 2733 1.
972 2686 1032 2749 p.
1063 2663 1226 2749 179).
1294 2666 1458 2731 Nam
1505 2666 1558 2730 si
1592 2666 1969 2731 Plutarchus
2012 2667 2054 2732 l.
2086 2666 2128 2731 1.
2172 2668 2523 2734 Phaedram
2567 2669 2784 2735 mariti

478 2766 890 2852 παρανομίας
934 2768 1280 2851 exagitasse
1323 2767 1533 2846 refert,
1600 2767 1696 2831 his
1741 2768 1897 2833 nihil
1949 2767 2123 2832 aliud
2166 2768 2533 2851 significari,
2593 2788 2783 2852 quam

474 2868 493 2893 ‘
513 2871 728 2952 stupra
777 2872 838 2935 et
881 2869 1136 2934 illicitos
1169 2864 1366 2933 toros‘
1397 2885 1552 2951 quos
1584 2860 1796 2932 ‘miles
1826 2868 2081 2935 audacis
2112 2866 2312 2951 proci‘
2340 2869 2406 2934 in
2431 2870 2783 2957 Acheronte

478 2970 758 3053 quaerat,
807 2970 1072 3036 Senecae
1117 2970 1302 3034 verba
1344 2987 1402 3032 v.
1449 2969 1528 3033 91
1575 2988 1669 3051 sq.
1713 2971 2005 3051 arguunt.
2100 2970 2343 3052 Itaque,
2388 2989 2529 3035 cum
2570 2968 2782 3036 Ovidii

478 3071 764 3137 Phaedra
808 3071 954 3135 hine
996 3070 1369 3153 obiurgandi
1411 3070 1666 3135 initium
1711 3070 1920 3151 capiat
1952 3089 2009 3135 v.
2048 3071 2166 3135 109
2200 3089 2323 3154 sq.:

777 3171 1075 3253 Tempore
1119 3171 1314 3253 abest,
1359 3171 1682 3253 aberitque
1726 3170 1833 3235 diu
1877 3171 2229 3253 Neptunius
2272 3173 2479 3237 heros:

874 3273 1054 3336 illum
1101 3272 1372 3337 Pirithoi
1415 3272 1653 3337 detinet
1697 3289 1805 3337 ora
1849 3272 1946 3336 sui

479 3372 633 3438 mihi
676 3372 926 3455 quidem
973 3372 1229 3438 dubium
1291 3392 1414 3438 non
1475 3373 1588 3452 est,
1654 3373 1805 3455 quin
1854 3374 2035 3455 poeta
2087 3374 2251 3439 idern
2294 3373 2416 3439 iter
2458 3374 2525 3438 in
2569 3374 2776 3439 animo

475 3472 723 3557 habeat,
766 3472 914 3539 licet
944 3473 1296 3538 Phaedram
1339 3472 1433 3539 ita
1477 3473 1851 3538 scribentem
1900 3472 2111 3553 faciat,
2155 3475 2456 3557 tanquam
2489 3476 2778 3541 accurate

478 3571 732 3638 definire
777 3575 1062 3657 nequeat,
1121 3594 1243 3657 quo
1289 3576 1554 3640 maritus
1601 3574 1913 3657 profectus
1956 3576 2070 3651 sit3
2128 3575 2517 3659 intellegenti
2558 3574 2777 3641 lectori

681 3868 700 3899 ¹
738 3867 1065 3922 Diverbium
1114 3868 1220 3923 hoc
1263 3868 1499 3940 singulis
1547 3869 1805 3938 partibus
1852 3874 1973 3925 arte
2027 3870 2179 3925 inter
2234 3888 2291 3937 se
2346 3871 2772 3927 cohaerentibus

475 3954 832 4012 artificiosius
869 3957 1250 4027 progreditur,
1289 3975 1457 4025 quam
1497 3958 1647 4027 apud
1683 3958 1999 4027 Racinium,
2046 3960 2142 4027 qui
2178 3958 2491 4014 Phaedram
2528 3960 2676 4013 ultro
2714 3977 2773 4014 se

474 4046 645 4100 morti
682 4044 1012 4099 offerentem
1046 4044 1230 4116 fingit.
1305 4044 1591 4099 Summam
1628 4046 1805 4116 igitur
1849 4047 2090 4115 laudem,
2140 4065 2249 4115 qua
2286 4047 2576 4101 Gallorum
2604 4052 2772 4117 poeta

471 4138 706 4203 propter
743 4134 1028 4203 egregiam
1066 4134 1240 4188 totius
1277 4151 1508 4189 scaenae
1545 4134 1940 4204 gradationem
1987 4136 2178 4189 ornari
2220 4136 2361 4189 solet
2410 4135 2497 4203 (cf.
2538 4136 2770 4207 Lessing

473 4222 584 4276 vol.
622 4220 700 4275 IV
734 4240 788 4291 p.
829 4224 933 4275 245
971 4222 1237 4291 Lachm),
1274 4224 1487 4277 maiore
1525 4223 1648 4277 iure
1688 4223 1898 4279 Graeco
1937 4225 2246 4294 exemplari
2282 4226 2588 4294 impertias.

676 4312 698 4344 ²
733 4310 869 4364 Met.
908 4310 1030 4372 VII,
1071 4311 1175 4366 422
1215 4311 1284 4367 ef.
1314 4311 1576 4366 Welcker
1614 4312 1648 4366 l.
1677 4313 1713 4366 1.
1752 4329 1805 4382 p.
1831 4314 1954 4367 732.
2028 4312 2095 4365 In
2131 4312 2389 4382 Thyestis
2430 4331 2649 4383 quoque
2686 4313 2767 4367 fa-

471 4397 606 4452 bula
639 4398 862 4470 gladius
897 4399 1332 4471 recognoscendi
1369 4400 1530 4471 signo
1565 4400 1827 4471 fungitur
1860 4400 2165 4455 secundum
2204 4401 2489 4473 Hyginum
2524 4401 2567 4457 f.
2602 4403 2689 4457 88.
