3157 5028
1499 357 1564 412 15

377 527 447 613 (l.
489 529 532 593 l.
579 548 636 610 p.
684 527 834 608 213)
888 528 952 591 hi
1006 545 1216 592 versus
1273 526 1743 608 interpretandi.
1804 562 1889 572 --
1957 528 2095 592 Hoc
2153 527 2289 592 loco
2341 529 2679 612 paullisper

377 630 593 712 pedem
664 629 924 712 figentes
993 628 1592 710 circumspectemus
1695 627 2018 693 Phaedrae
2081 629 2379 694 virtutem
2445 630 2675 709 labare,

276 718 280 722 ⁴
379 731 518 814 quis
589 731 699 808 est,
771 728 922 809 quin
984 729 1364 811 perspiciat?
1465 729 1768 794 Attamen
1829 729 2015 793 minis
2082 730 2211 794 suis
2268 731 2425 795 nihil
2482 731 2677 796 inter-

376 831 649 910 miscuit,
697 849 817 913 quo
849 829 1103 895 audacis
1132 829 1375 894 consilii
1399 849 1436 894 a
1467 830 1709 894 nutrice
1736 829 1966 912 prolati
1996 831 2501 912 approbationem
2535 851 2678 914 pro-

384 933 572 999 deret.
662 931 891 997 Nutrix
933 931 1153 1018 igitur,
1220 931 1274 996 si
1324 932 1557 996 iustam
1603 931 1932 999 victoriam
1992 933 2304 1014 reportare
2344 933 2501 1008 vult,
2567 952 2676 1015 op-

383 1033 829 1117 pugnationem
876 1034 1094 1115 aperta
1136 1032 1377 1096 ratione
1406 1032 1766 1098 institutam
1815 1032 2132 1097 dimittere
2174 1034 2236 1097 et
2280 1051 2441 1097 nova
2486 1051 2679 1115 eaque

374 1136 850 1202 simulationum
893 1132 1231 1198 involucris
1269 1134 1436 1198 tecta
1480 1133 1757 1200 subsidia
1800 1133 2267 1216 circumspicere
2306 1124 2503 1198 debet.
2572 1133 2673 1199 Si-

372 1237 608 1315 mulate
651 1235 1073 1302 assentabitur
1116 1235 1178 1298 et
1220 1236 1406 1298 missa
1453 1235 1667 1314 faciet,
1707 1254 1863 1318 quae
1907 1235 2123 1313 suasit,
2169 1235 2367 1299 altero
2414 1234 2671 1299 consilio

375 1357 658 1420 novaque
713 1335 1073 1402 condicione
1135 1355 1303 1402 eram
1365 1337 1665 1419 religione
1719 1337 2084 1419 impeditam
2138 1336 2342 1401 levare
2396 1336 2669 1401 studens,

375 1439 571 1504 Caute
613 1439 813 1522 igitur
855 1439 948 1503 ita
992 1438 1310 1519 praefatur
1353 1458 1410 1504 v.
1457 1439 1612 1504 507:

669 1532 741 1604 εἷ’
771 1561 878 1602 τοι
923 1538 1108 1603 δοκεῖ
1153 1560 1280 1619 σοι,
1325 1535 1442 1625 χρὴ
1485 1537 1607 1622 μὲν
1650 1527 1729 1602 o'v'
1773 1537 1833 1614 o’,
1876 1529 2271 1621 ἁμαρτάνειν
2291 1539 2331 1604 ¹.

372 1641 506 1722 Quo
541 1659 720 1706 versu
753 1641 860 1723 qui
889 1642 1046 1728 χρῆν
1078 1642 1351 1721 tuentur,
1397 1642 1582 1705 huius
1612 1641 1874 1706 diverbii
1904 1640 2251 1706 rationibus
2282 1641 2455 1705 nullo
2486 1641 2668 1708 modo

370 1742 786 1820 satisfaciunt,
846 1761 993 1807 nam
1051 1742 1227 1807 novis
1281 1742 1553 1808 consiliis
1607 1743 1735 1807 tale
1787 1744 2165 1824 prooemium
2224 1761 2445 1824 parum
2490 1743 2671 1806 caute

369 1845 900 1927 praemitteretur;
943 1844 1167 1908 stolide
1212 1843 1459 1925 insuper
1497 1844 1710 1907 nutrix
1742 1844 1954 1908 delicti
1984 1843 2359 1908 mentionem
2388 1843 2669 1908 hocloco

369 1947 644 2024 iniceret,
713 1944 821 2011 ubi
886 1944 1124 2027 aliquid
1170 1946 1647 2026 perpetrandum
1716 1945 1935 2010 suadet
2002 1933 2136 2008 οὔτ’
2204 1942 2308 2008 ἐπ’
2374 1939 2671 2026 αἰσχροῖς

369 2035 504 2110 οὔτ’
571 2044 684 2110 ἐπὶ
746 2041 953 2135 βλάβῃ
1028 2046 1288 2130 φρενῶν
1352 2065 1410 2110 v.
1481 2046 1637 2122 5113
1715 2046 2098 2112 contrarium
2162 2041 2667 2128 exspectaremus.

370 2149 776 2231 Repugnaret
817 2149 1083 2232 denique
1127 2150 1238 2214 illa
1287 2150 1497 2230 aperte
1531 2147 1839 2230 prioribus
1866 2143 2427 2226 adhortationibuS,
2474 2147 2526 2212 si
2555 2149 2671 2213 hoc

367 2251 502 2315 loco
551 2251 643 2314 ita
687 2251 1062 2333 loqueretur,
1128 2252 1432 2333 tanquam
1489 2250 1773 2314 Phaedra
1812 2250 2057 2332 ‚sponte
2125 2249 2374 2314 libidini
2447 2269 2669 2314 manus

367 2351 652 2417 dedisset.

566 2453 864 2537 Sequitur
895 2454 1218 2542 cuiusdam
1249 2453 1507 2519 remedii
1535 2452 1877 2533 simulati0,
1926 2473 2083 2537 quae
2111 2472 2297 2537 quam
2333 2453 2669 2520 artificiose

367 2576 408 2622 a
448 2557 630 2639 poeta
673 2557 968 2621 instituta
1012 2556 1113 2634 sit,
1179 2557 1366 2621 velim
1429 2556 1716 2639 inprimis
1780 2556 2084 2628 observes,
2150 2575 2227 2620 ne
2278 2557 2340 2619 te
2384 2555 2666 2621 occultus

365 2656 560 2723 totius
617 2676 873 2721 scaenae
928 2675 1139 2721 sensus
1195 2656 1422 2739 fugiat.
1511 2656 1743 2727 Nutrix
1794 2657 1956 2721 enim
2006 2658 2159 2721 haec
2210 2655 2418 2723 omnia
2464 2657 2555 2721 ita
2599 2656 2667 2720 in

365 2760 729 2842 ambiguum
774 2757 1112 2841 implicat2,
1180 2759 1252 2821 ut
1292 2757 1574 2840 intellegi
1619 2757 1859 2839 possint
1901 2758 1963 2821 et
2002 2759 2285 2841 magicae
2321 2758 2663 2837 illecebrae,

328 2861 588 2943 quibus
633 2860 1010 2943 Hippolytus
1053 2858 1134 2923 ad
1180 2858 1649 2941 concipiendum
1686 2859 1751 2922 in
1795 2877 2119 2923 novercam
2167 2878 2441 2924 amorem
2472 2860 2666 2941 possit

363 2960 657 3027 fascinari
727 2966 788 3025 et
856 2959 1126 3031 remedia
1183 2960 1263 3024 ad
1320 2960 1642 3025 Phaedrae
1684 2978 1960 3024 amorem
2006 2960 2415 3041 morbumque
2459 2959 2666 3041 depel-

364 3060 634 3127 lendum.
725 3060 888 3124 Nam
952 3061 1186 3142 philtra
1253 3079 1374 3125 non
1438 3060 1669 3125 solum.
1708 3060 1787 3126 ad
1859 3060 2309 3126 incendendum
2369 3079 2663 3138 amorem,

363 3182 576 3227 verum
639 3162 829 3227 etiam
895 3162 975 3227 ad
1039 3161 1402 3227 solvendum
1468 3182 1506 3228 a
1573 3163 1741 3245 sagis
1797 3162 2081 3244 componi
2126 3162 2544 3245 putabantur;
2589 3160 2664 3226 de

363 3282 488 3346 qua
531 3282 597 3328 re
635 3263 851 3329 statim
865 3266 908 3327 ⁸.
998 3262 1274 3327 Additur
1318 3264 1529 3329 autem
1573 3265 1795 3329 vocula
1840 3257 2197 3350 θελκτήρια
2242 3282 2297 3327 V.
2344 3263 2467 3327 509
2509 3262 2664 3327 satis

563 3499 581 3531 ²
623 3500 710 3553 lta
746 3499 840 3555 hic
875 3518 1067 3555 versus
1105 3500 1218 3555 iam
1255 3500 1314 3554 in
1333 3500 1629 3555 Bartholdi
1656 3501 1903 3555 editione
1939 3500 2165 3571 legitur,
2204 3501 2302 3570 qui
2328 3506 2662 3572 argumenta

362 3588 666 3642 cumulavit
711 3588 818 3643 Rh.
863 3590 1005 3643 Mus.
1045 3589 1230 3642 XXXI
1269 3606 1322 3658 p.
1364 3592 1468 3643 334
1507 3608 1540 3643 a
1577 3590 1873 3653 Wheelero
1930 3590 1992 3658 (l.
2038 3589 2073 3641 1.
2129 3606 2183 3657 p.
2219 3589 2322 3659 53)
2386 3591 2659 3660 neglecta.

363 3676 660 3746 Ceteroqui
697 3678 870 3747 ipsius
910 3678 1261 3733 coniecturae
1315 3695 1427 3731 non
1473 3677 1893 3748 suffragabitur,
1956 3678 2053 3746 qui
2110 3683 2441 3748 argumenta
2491 3698 2661 3748 supra

361 3766 536 3820 allata
585 3766 845 3835 probarit
917 3767 985 3806 -‘
1042 3766 1318 3835 Sequente
1365 3783 1531 3819 versu
1583 3766 1795 3821 Usener
1842 3770 1891 3819 εἰ
1932 3767 1981 3819 ‹5‘
2024 3757 2120 3821 οὖν
2163 3767 2494 3821 mutandum
2543 3786 2660 3823 esse

359 3859 524 3923 putat
570 3856 629 3908 in
670 3841 702 3929 ᾖ
753 3856 802 3909 ‹5’
841 3847 963 3910 οὖνε
1036 3854 1161 3910 ‘sed
1211 3857 1488 3925 quidquid
1535 3858 1645 3911 tibi
1680 3859 1947 3928 placebit,
2006 3859 2123 3913 sive
2166 3858 2387 3913 resistes
2427 3857 2659 3912 consilio

358 3960 482 3998 meo
529 3944 647 3998 sive
692 3940 1057 4013 obsequeris’.
1137 3945 1512 4000 Wilamowitz
1550 3946 1611 4017 (1.
1658 3948 1693 4001 1.
1731 3966 1785 4017 p.
1814 3947 1940 4018 218)
1996 3948 2197 4002 scribit
2234 3947 2358 4001 εἶεν.
2399 3946 2661 4001 Wheeler

359 4031 394 4085 l.
433 4032 470 4085 1.
510 4050 566 4102 p.
606 4035 696 4101 57)
734 4034 971 4105 coniecit
1009 4031 1125 4085 ἀλλ’
1163 4025 1276 4088 οὖν.

561 4123 584 4155 ²
621 4122 775 4177 Vers.
815 4124 1061 4177 513-15
1099 4142 1132 4177 a
1167 4124 1304 4177 viris
1346 4123 1525 4178 doctis
1563 4124 1775 4177 dudum
1812 4124 1871 4177 in
1908 4124 2115 4178 iustam
2152 4125 2519 4194 suspicionem
2560 4141 2657 4178 vo-

359 4215 512 4265 catos
549 4215 606 4265 et
636 4217 832 4280 postea
869 4230 903 4266 a
941 4229 1028 4266 me
1062 4214 1419 4283 gravioribus
1458 4213 1630 4267 etiam
1668 4213 2015 4283 argumentis
2049 4212 2393 4267 damnandos
2430 4213 2657 4266 interim

357 4300 554 4353 missos
599 4298 764 4355 facio.

559 4388 582 4420 ³
621 4388 800 4458 Quam
844 4389 958 4445 late
1006 4394 1202 4459 pateat
1250 4390 1595 4461 philtrorum
1634 4391 1993 4462 significatio,
2052 4380 2313 4446 discimus
2352 4408 2422 4443 ex
2458 4387 2659 4443 Laevii
