3157 5028
1455 367 1524 422 79

340 540 550 624 puella
613 539 906 606 videntur
956 540 1268 606 arbitratu
1325 558 1437 604 suo
1481 538 1744 619 variare,
1810 558 1967 621 quae
2011 537 2277 604 nominis
2322 536 2651 604 diversitas

344 641 499 706 olim
553 660 624 706 ex
668 640 923 706 dialecti
966 640 1342 723 proprietate
1383 642 1522 706 orta
1565 641 1679 720 est,
1724 641 1796 704 ut
1838 641 2195 706 Athenaeus
2236 639 2403 724 (XV,
2454 641 2577 706 688
2590 639 2650 722 c)

339 741 550 807 docet:
596 734 810 825 μύρρα
851 736 969 825 γὰρ
1005 740 1044 826 ἡ
1082 735 1335 824 σμύρνα
1373 739 1529 823 παρ’
1577 737 1907 806 Αἰολεῦσι
1954 741 2059 821 (cf.
2097 741 2302 807 Schol.
2344 741 2643 825 Lycophr.

340 842 382 906 l.
428 841 470 908 l.
517 841 764 924 Sappho
810 842 931 924 frg.
982 844 1103 907 163
1149 842 1247 924 Β.)
1279 846 1315 909 ¹.

539 941 796 1025 Copiam
834 962 1180 1026 procorum,
1228 944 1302 1009 de
1343 963 1464 1027 qua
1498 943 1759 1009 Ovidius
1790 945 1853 1009 et
1882 944 2237 1010 Antoninus
2268 943 2643 1026 conspirant,

343 1042 581 1110 Cinnae
623 1044 968 1110 innotuisse
1011 1046 1250 1128 primus
1295 1045 1595 1111 concludo
1639 1066 1709 1111 ex
1754 1046 2224 1129 epigrammate,
2296 1044 2461 1128 quod
2497 1044 2646 1110 Sue-

338 1145 548 1210 tonius
607 1145 712 1226 (de
754 1166 1022 1230 gramm.
1066 1149 1172 1227 18)
1225 1147 1316 1212 ait
1369 1148 1437 1212 in
1484 1146 1879 1227 Crassicium,
1949 1141 2057 1230 qui
2102 1147 2431 1231 Zmyrnam
2477 1165 2646 1211 com·
2710 1225 2715 1228 ,

341 1247 649 1326 mentario
692 1247 1143 1328 illustraverat,
1188 1248 1489 1330 scriptum
1535 1267 1693 1314 esse:

647 1372 772 1438 Uni
819 1372 1126 1439 Crassicio
1169 1393 1234 1438 se
1280 1373 1523 1439 credere
1566 1374 1835 1458 Zmyrna
1878 1374 2194 1456 probavit:

739 1473 1002 1538 desinite
1047 1473 1284 1539 indocti
1329 1474 1623 1557 coniugio
1668 1475 1829 1538 hanc
1873 1473 2107 1556 petere!

644 1574 775 1640 Soli
821 1574 1124 1640 Crassicio
1168 1593 1231 1640 se
1274 1574 1434 1640 dixit
1472 1576 1700 1640 nubere
1747 1575 1919 1652 velle,

739 1676 965 1741 intima
1009 1677 1108 1741 cui
1153 1677 1270 1742 soli
1313 1677 1464 1742 nota
1505 1695 1618 1741 sua
1662 1676 1997 1741 extiterint.

343 1804 552 1887 Atque
591 1801 741 1867 salis
787 1817 1047 1868 acumen
1092 1803 1282 1868 etiam
1323 1803 1672 1885 elegantius
1708 1802 1800 1882 fit,
1850 1803 1903 1867 si
1954 1804 2355 1887 assumpseris
2399 1806 2643 1887 poetam

341 1907 413 1969 ut
466 1904 728 1971 Ovidius
778 1906 1020 1987 patrem
1075 1924 1145 1969 ex
1203 1903 1336 1969 filia
1392 1905 1788 1986 quaerentem
1858 1904 2191 1990 induxisse,
2258 1905 2357 1970 cui
2421 1906 2648 1970 nubere

340 2007 547 2072 vellet.

543 2107 832 2192 Myrrhae
883 2107 1092 2172 autem
1151 2124 1292 2170 cum
1349 2105 1591 2170 nutrice
1644 2105 2025 2189 colloquium
2082 2107 2514 2189 compilatores
2575 2110 2646 2173 ut

342 2228 584 2274 merum
628 2208 1060 2274 ornamentum
1107 2207 1471 2289 plerumque
1511 2206 1881 2290 oppressisse
1924 2206 2244 2282 videntum
2300 2209 2503 2292 simile
2548 2209 2647 2273 ta-

342 2329 480 2376 men
529 2309 864 2387 residuum,
909 2309 1093 2391 quale
1133 2309 1201 2372 in
1231 2309 1556 2386 Antonini,
1603 2308 1669 2372 in
1702 2307 2029 2373 Plutarchi
2059 2309 2415 2374 narratione
2445 2309 2646 2375 exstat

343 2409 413 2494 (l.
458 2410 560 2492 l.):
617 2407 724 2473 καὶ
766 2408 846 2496 τῇ
889 2409 1120 2494 τροφῷ
1165 2402 1282 2494 τὴν
1342 2400 1624 2493 οἷνάγκην
1675 2409 1791 2472 τοῦ
1852 2405 2101 2491 ἔρωτος
2154 2402 2482 2494 ἐδήλωσεν
2532 2411 2642 2490 (se.

343 2503 652 2593 Σμύρνα),
722 2509 888 2594 quod
955 2509 1120 2576 ultro
1179 2530 1290 2576 nos
1352 2511 1605 2577 revocat
1660 2509 1740 2576 ad
1786 2509 2112 2594 Hippolyti
2171 2509 2643 2595 argumentum:

344 2610 661 2696 στέγουσα
724 2609 796 2675 δὲ
859 2603 980 2695 τήν
1045 2606 1241 2676 νόσον
1302 2604 1514 2696 χρόνῳ
1590 2605 1763 2692 πρὸς
1836 2606 1957 2696 τήν
2029 2605 2283 2696 τροφὸν
2359 2612 2647 2697 δηλῶσαι

345 2705 748 2801 ἠναγκάσθη.

543 2816 620 2879 In
662 2814 954 2899 Myrrhae
991 2815 1192 2879 morte
1234 2814 1593 2880 voluntaria
1634 2813 2010 2879 illustranda
2051 2813 2274 2879 Ovidio
2314 2832 2373 2877 v.
2399 2813 2522 2877 378
2553 2832 2643 2896 sq.

345 2914 608 2979 mirifice
657 2916 950 2979 convenit
997 2933 1139 2979 cum
1177 2934 1299 2979 uno
1346 2913 1621 2998 Hygino,
1690 2912 1797 2997 qui
1842 2914 1917 2979 de
1967 2915 2174 2996 puella
2218 2913 2408 2979 refert
2449 2914 2491 2979 f.
2536 2915 2647 2979 58:

339 3012 535 3099 ‘quae
583 3034 658 3081 ne
698 3014 1025 3097 suspendio
1067 3034 1132 3081 se
1177 3018 1447 3095 necaret,
1504 3014 1715 3079 nutrix
1759 3015 2147 3081 intervenit’.
2210 3050 2290 3091 -τ
2340 3015 2650 3080 Accurate

346 3328 512 3399 Verg.
549 3328 684 3383 Buc.
723 3329 794 3397 X,
836 3331 904 3383 18
939 3346 994 3398 p.
1031 3330 1099 3382 25
1137 3328 1234 3382 K.:
1274 3326 1533 3391 ‘Adonis,
1569 3332 1634 3382 ut
1669 3328 1945 3382 Hesiodus
1985 3328 2082 3391 ait,
2124 3328 2419 3383 Phoenicis
2456 3332 2515 3381 et
2552 3327 2649 3380 Al-

345 3418 678 3487 phesiboeae
716 3418 811 3488 (cf.
851 3419 1180 3488 Apollodor.
1221 3416 1322 3482 111,
1363 3420 1446 3471 14.
1485 3419 1565 3487 3),
1602 3418 1878 3488 Agenoris
1916 3417 2192 3485 Thiantis,
2239 3417 2336 3487 qui
2372 3416 2651 3470 Histriam

346 3506 727 3576 Arabiamque
785 3508 972 3562 tenuit
1031 3506 1286 3576 imperi0,
1348 3510 1412 3560 ut
1447 3506 1819 3561 Antimachus
1872 3506 1972 3573 ait,
2031 3506 2292 3576 regnavit
2328 3504 2526 3574 Cypr0,
2586 3507 2650 3557 ut

346 3592 818 3663 Philostephanus
855 3595 1020 3662 libr0‚
1075 3612 1186 3663 quo
1227 3594 1581 3662 quaestiones
1629 3594 1877 3663 poeticas
1924 3592 2190 3661 reddidit,
2249 3610 2317 3647 ex
2352 3592 2485 3646 Iove
2531 3590 2651 3645 sine

347 3680 512 3734 ullius
548 3680 788 3736 feminae
827 3682 1087 3737 accubitu
1125 3678 1492 3752 procreatus‘.
1560 3680 1642 3735 Cf.
1679 3681 1998 3735 Antimach.
2030 3679 2172 3749 Lyd.
2200 3680 2308 3751 frg.
2338 3682 2403 3735 15
2441 3679 2649 3750 Bergk,

348 3769 443 3837 qui
472 3774 601 3839 post
637 3767 956 3842 ‘Agenoris’
1000 3771 1258 3826 lacunam
1297 3788 1412 3825 esse
1447 3770 1659 3825 statuit.
1736 3770 1994 3840 Apollod.
2020 3770 2123 3838 ΙΙΙ,
2154 3770 2234 3822 14.
2260 3770 2318 3822 4:
2365 3762 2651 3828 Πανύασις

349 3855 416 3907 δέ
449 3872 590 3927 φησι
628 3858 883 3917 Θείαντος
927 3860 1196 3925 βασιλέως
1238 3855 1540 3927 Ἀσσυρίων
1586 3858 1678 3926 (sc.
1716 3856 1813 3911 τὸν
1838 3852 2095 3925 Ἄδωνιν).
2178 3856 2403 3911 Tzetzes
2442 3856 2717 3928 (801101.μ

347 3942 625 4012 Lycophr.
665 3946 786 3999 829.
827 3945 953 4013 831)
990 3946 1128 4001 duos
1166 3946 1452 4000 Adonides
1489 3947 1665 4014 novit,
1703 3946 1943 4000 alterum
1972 3942 2231 4015 Byblium
2258 3944 2533 4039 Thiantis,
2572 3946 2649 3999 al-

347 4034 534 4085 terum
572 4032 835 4101 Cyprium
875 4034 1111 4103 Cinyrae
1148 4034 1356 4103 filium3
1403 4034 1473 4089 cf.
1513 4034 1691 4089 Greve
1729 4034 1842 4087 1.l.
1879 4052 1932 4103 p.
1974 4036 2023 4087 7.

552 4123 567 4153 ¹
611 4120 838 4176 Veneris
891 4124 1050 4191 iram,
1109 4141 1276 4191 quam
1316 4122 1570 4178 breviter
1607 4126 2006 4177 commemorat
2045 4121 2416 4191 Apollodorus
2472 4120 2649 4174 fusius

348 4210 600 4281 Hyginus
659 4209 988 4265 Lactantius
1047 4211 1170 4281 (Ov.
1219 4212 1350 4267 Met.
1398 4212 1464 4265 X.
1520 4211 1557 4265 f.
1607 4214 1663 4279 ’7)
1722 4210 2009 4265 Theocriti
2072 4210 2373 4264 scholiasta
2428 4226 2652 4263 causam

348 4300 724 4368 subtexentes,
764 4298 996 4355 Ovidius
1033 4300 1324 4369 praeterit.
1401 4299 1627 4353 Servius
1666 4298 1853 4370 (Verg.
1884 4299 2017 4353 Buc.
2044 4298 2113 4368 X,
2144 4298 2233 4367 18)
2273 4298 2343 4351 de
2380 4296 2522 4350 Solis
2564 4296 2650 4349 ira

345 4391 567 4457 narrat3
607 4387 679 4443 cf.
715 4386 898 4463 Greve
933 4387 972 4441 1.
1010 4387 1048 4441 1.
1083 4405 1138 4457 p.
1177 4389 1228 4441 8.
