3157 5028
1487 389 1552 443 13

365 565 490 630 283
533 583 582 630 e.
627 565 721 646 s.)‚
767 564 916 646 quia
946 563 1275 646 Sophocles
1320 563 1533 627 eadem
1577 563 1801 628 vocula
1846 563 1911 628 in
1946 561 2227 627 Phaedra
2272 561 2477 627 utitur
2518 559 2666 645 (frg.

367 667 516 747 615)
538 668 577 731 ¹.
1231 725 1235 728 ,

565 767 701 831 Iam
766 767 856 844 ut,
915 765 1078 830 unde
1131 765 1575 839 aberravimuS,
1631 763 1711 830 ad
1754 763 1988 844 philtra
2030 762 2370 842 redeamus,
2417 762 2483 826 id
2528 762 2669 845 qui-

365 867 504 932 dem
559 869 729 932 certa
787 867 1030 932 ratione
1083 865 1497 932 demonstrari
1553 863 1798 946 nequit,
1856 863 2223 930 Trachinias
2277 865 2465 929 etiam
2521 864 2668 929 ante

369 969 659 1033 Velatum
687 967 1099 1052 Hippolytum
1142 968 1406 1048 scriptas
1451 984 1597 1030 esse.
1688 965 1851 1029 Nam
1898 965 2195 1047 adagium
2241 964 2398 1029 illud
2434 964 2666 1046 Sopho-

369 1069 570 1134 cleum
611 1070 686 1134 de
729 1071 959 1135 amoris
1004 1068 1386 1150 praestantia
1430 1067 1494 1131 in
1541 1066 1907 1131 memoriam
1952 1085 2267 1144 revocanS,
2323 1066 2481 1131 nihil
2523 1064 2667 1130 inde

369 1171 755 1248 concludam,
822 1169 986 1254 quod
1051 1169 1373 1250 Euripides
1438 1169 1503 1233 in
1569 1167 1771 1250 priore
1838 1167 2050 1232 fabula
2120 1171 2418 1232 Amorem
2481 1169 2666 1233 vocat

369 1265 640 1339 πάντων
703 1270 1349 1352 δυσμαχώτατον
1413 1265 1581 1334 θεὸν
1636 1269 1785 1352 (frg.
1846 1268 2031 1349 433),
2101 1269 2209 1351 qui
2280 1284 2401 1334 non
2462 1269 2662 1334 solum

368 1373 534 1438 viros
587 1373 996 1456 mulieresque
1052 1373 1336 1450 lacessat,
1403 1371 1507 1436 sed
1573 1371 1815 1436 animos
1878 1371 2069 1435 etiam
2134 1369 2389 1434 deorum
2454 1371 2666 1435 turbet

371 1475 520 1558 (frg.
565 1474 716 1552 434)
731 1477 775 1538 ².
863 1474 1075 1556 Neque
1121 1473 1374 1539 maioris
1419 1472 1706 1555 ponderis
1750 1473 1881 1550 est,
1949 1471 2114 1553 quod
2178 1471 2244 1535 in
2311 1472 2664 1556 fragmento

368 1577 534 1658 trag.
579 1575 783 1658 adesp.
833 1577 952 1640 107
1000 1575 1198 1639 multa
1243 1593 1384 1638 eum
1427 1573 1870 1656 probabilitate
1887 1572 2110 1637 Velato
2148 1571 2485 1655 Hippolyto
2528 1573 2667 1637 vin-

371 1677 618 1741 dieato⁸
669 1678 732 1740 et
790 1675 976 1758 Soph.
1034 1677 1255 1741 Trach.
1302 1677 1426 1740 300
1482 1675 1715 1740 similia
1767 1673 2077 1738 adieetiva
2123 1673 2315 1738 simili
2360 1675 2543 1739 modo
2586 1673 2667 1740 ad

371 1776 632 1842 eandem
683 1795 813 1841 rem
865 1776 1305 1841 illustrandam
1359 1775 1532 1840 iuxta
1585 1776 1917 1857 ponuntur.
2007 1774 2187 1841 Talia
2229 1776 2435 1857 potius
2478 1777 2667 1842 missa

373 1879 697 1960 faciamus,
742 1897 819 1942 ne
863 1880 1032 1942 certa
1075 1877 1328 1942 incertis
1373 1877 1704 1941 turbentur
1719 1878 1763 1940 ⁴.

574 1979 694 2046 Sed
749 1998 826 2043 ne
869 1979 943 2044 de
980 1977 1304 2058 Phaedrae
1353 1978 1657 2057 moribUS‚
1712 1978 1925 2060 quales
1976 1981 2158 2060 poeta
2201 1979 2265 2044 in
2312 1978 2666 2045 Coronifero

371 2081 735 2166 depinxerit,
780 2080 1078 2150 iudicium
1126 2080 1409 2145 nostrum
1453 2097 1743 2144 maneum
1787 2081 1871 2144 sit
1899 2116 1975 2125 —
2009 2081 2459 2164 superstruitur
2501 2081 2667 2146 enim

577 2303 597 2334 ¹
637 2301 834 2360 Sciens
860 2303 1254 2371 praetermitto
1283 2301 1585 2356 Herculem
1608 2306 1735 2370 post
1762 2306 2049 2372 acceptum
2078 2302 2340 2356 nuntium
2378 2303 2447 2356 de
2471 2303 2667 2357 volun-

373 2391 520 2445 taria
555 2393 747 2445 uxoris
781 2397 962 2446 morte
987 2392 1166 2461 deque
1189 2392 1390 2460 philtri
1418 2391 1638 2461 origine
1663 2392 2090 2446 lamentationes
2114 2393 2314 2446 tollere
2350 2411 2403 2446 v.
2430 2394 2563 2444 1143
2584 2411 2664 2462 sq.

374 2481 443 2535 iis
479 2481 706 2551 similes,
767 2482 826 2536 in
864 2499 1000 2552 quas
1038 2483 1230 2537 nutrix
1267 2499 1372 2552 pro
1411 2499 1510 2536 sua
1547 2487 1751 2537 natura
1797 2483 1983 2536 omnia
2030 2498 2373 2553 exaggerans
2412 2511 2478 2521 -
2518 2481 2668 2550 quod

377 2577 572 2625 contra
612 2572 966 2627 Wheelerum
1005 2574 1042 2626 l.
1080 2574 1116 2627 1.
1153 2591 1208 2642 p.
1244 2574 1312 2625 53
1350 2572 1627 2626 monitum
1660 2572 1790 2625 volo
1834 2600 1897 2609 —
1936 2570 2262 2639 effunditur,
2298 2571 2397 2625 ubi
2423 2572 2667 2640 primum

377 2659 633 2715 Phaedra
671 2661 897 2716 foedum
933 2680 1178 2715 amorem
1213 2660 1463 2715 confessa
1501 2664 1586 2714 est
1626 2679 1679 2714 v.
1717 2662 1821 2714 353
1858 2679 1939 2730 sq.

569 2754 590 2785 ²
635 2750 807 2805 Poeta
835 2752 1021 2805 addit:
1068 2746 1206 2803 κάπὶ
1232 2744 1440 2803 πόντον
1465 2751 1697 2820 ἔρχεται,
1736 2750 1887 2818 quod
1908 2750 2165 2819 pluribus
2192 2749 2443 2803 illustrat
2466 2748 2667 2803 chorus

375 2838 502 2908 Hip.
547 2841 685 2895 1272
725 2857 804 2907 sq.
877 2840 1112 2893 Minime
1158 2839 1383 2907 quidem
1431 2842 1647 2892 certum
1692 2838 1751 2891 id
1789 2838 2204 2905 documentum,
2265 2836 2524 2906 Sophocli
2566 2837 2668 2891 hos

375 2945 569 2982 versus
608 2946 733 2982 cum
772 2928 1140 2983 Valckenario
1201 2928 1293 2991 (ad
1330 2928 1466 2981 Eur.
1503 2927 1635 2996 Hip.
1674 2930 1802 2995 447)
1854 2932 2053 2981 contra
2089 2926 2315 2981 Stobaei
2370 2927 2543 2996 (Flor.
2581 2929 2669 2995 63,

377 3016 472 3086 25)
508 3018 923 3081 auctoritatem,
962 3034 1130 3086 quam
1165 3016 1428 3071 Welcker
1464 3016 1523 3085 (1.
1552 3018 1593 3069 1.
1619 3034 1676 3085 p.
1706 3016 1834 3085 397)
1874 3022 2093 3070 secutus
2132 3019 2234 3084 est,
2272 3016 2671 3071 abiudicandos

379 3109 435 3158 et
470 3105 734 3174 Euripidi
772 3123 898 3159 cum
929 3105 1212 3159 Clemente
1246 3105 1631 3159 Alexandrino
1669 3104 1899 3172 (Strom.
1927 3104 2021 3163 VI,
2058 3122 2112 3173 p.
2144 3104 2269 3173 745)
2307 3110 2422 3159 tres
2459 3105 2669 3173 primos

374 3210 567 3248 versus
591 3194 694 3247 sub
714 3194 832 3247 eius
851 3194 1075 3248 nomine
1095 3194 1362 3249 afferente
1388 3194 1717 3248 tribuendos
1744 3211 1877 3247 esse.
1936 3193 2078 3247 Nam
2099 3192 2431 3262 Sophoclem
2448 3210 2669 3261 quoque

375 3282 587 3336 alatum
635 3283 1005 3337 ludibundum
1056 3284 1326 3337 Amorem
1373 3283 1596 3337 novisse
1651 3282 1877 3356 Amoris
1932 3282 2224 3335 invocatio.
2268 3282 2327 3335 in
2381 3283 2670 3351 Antigona

374 3370 538 3426 docet
573 3390 625 3427 v.
665 3374 796 3425 785:
835 3374 1034 3444 φοιτᾷς
1069 3373 1121 3424 δ’
1159 3365 1520 3439 ὑπερπόντιος
1555 3373 1665 3425 κτλ.
1739 3374 2009 3425 Attamen
2046 3370 2375 3439 Nauckium,
2420 3371 2511 3424 eui
2548 3371 2670 3439 ipsa

374 3458 541 3513 huius
579 3459 885 3531 fragmenti
921 3462 1103 3515 oratio
1143 3460 1474 3529 Euripidem
1510 3459 1750 3529 prodere
1775 3459 2016 3527 videtur,
2053 3459 2361 3513 rectissime
2398 3458 2669 3513 iudicasse

377 3548 509 3603 inde
547 3550 833 3611 concludo,
893 3550 1044 3618 quod
1080 3550 1402 3611 Menander,
1439 3549 1730 3617 Euripidis
1769 3548 2097 3615 aemulator,
2152 3550 2345 3616 aperte
2390 3548 2528 3601 duos
2577 3566 2668 3602 ex-

376 3641 585 3692 tremos
621 3656 812 3693 versus
850 3644 980 3693 ante
1017 3639 1203 3692 oculos
1241 3638 1440 3692 habuit
1477 3638 1538 3690 in
1575 3637 1775 3691 Herois
1818 3636 1926 3707 frg.
1971 3638 1990 3689 1
2038 3636 2137 3704 (M.
2175 3635 2269 3699 IV,
2318 3636 2460 3705 128).

575 3728 598 3760 ⁸
635 3726 980 3781 Valckenaer
1048 3726 1144 3797 (ad
1194 3727 1330 3780 Eur.
1385 3726 1514 3795 Hip.
1586 3726 1746 3795 1029)
1799 3724 1907 3779 hoc
1968 3725 2279 3794 suspicatus
2342 3730 2452 3792 est,
2513 3724 2668 3778 cuius

377 3814 757 3868 coniecturam
792 3816 969 3869 miror
1005 3832 1038 3869 a
1074 3815 1212 3869 viris
1250 3814 1430 3868 doctis
1479 3814 1793 3884 neglectam
1835 3830 1966 3867 esse.
2040 3813 2183 3867 Nam
2226 3830 2418 3866 versus
2464 3812 2671 3867 eisdem

378 3903 564 3957 verbis
616 3902 887 3972 incipiens
932 3894 1141 3974 legitur
1181 3903 1308 3973 Hip.
1353 3906 1492 3957 1029
1551 3903 1647 3972 (cf.
1688 3920 1739 3957 v.
1784 3904 1921 3955 1048
1961 3905 2094 3971 sq.);
2156 3902 2528 3971 interpolatus
2574 3902 2670 3955 ille

381 3990 622 4058 quidem,
679 3997 745 4046 ut
787 3993 1014 4047 videtur
1061 3992 1152 4061 (cf.
1191 3992 1453 4047 Wheeler
1490 3993 1528 4045 l.
1566 3992 1602 4045 1.
1642 4009 1697 4061 p.
1733 3992 1843 4059 60).
1902 3991 2174 4046 Praebuit
2212 3995 2400 4045 autem
2437 3990 2673 4059 saepius,

374 4083 439 4133 ut
474 4081 802 4150 videbimus,
840 4082 1070 4136 Velatus
1109 4100 1298 4137 ansam
1337 4082 1408 4135 ad
1442 4081 1917 4149 interpolantium.

577 4172 601 4202 ⁴
637 4169 942 4239 Postquam
979 4170 1114 4225 haec
1151 4171 1369 4241 scripsi,
1411 4169 1583 4224 incidi
1614 4170 1674 4222 in
1700 4168 1893 4224 Hensii
1919 4167 2120 4222 Studia
2142 4166 2448 4236 Sophoclea
2471 4184 2526 4235 p.
2548 4168 2671 4235 287,

376 4256 472 4323 qui
509 4256 648 4311 item
699 4258 952 4311 versibus
1002 4258 1132 4328 Hip.
1172 4262 1275 4312 545
1315 4276 1395 4327 sq.
1443 4258 1627 4320 utitur
1672 4256 1745 4310 ad
1794 4255 2288 4331 demonstrandum
2342 4253 2671 4307 Trachinius

359 4350 506 4399 ante
539 4345 908 4415 Hippolytum
947 4348 1280 4416 compositas
1316 4364 1448 4401 esse.
1535 4346 1642 4399 Sed
1680 4346 1791 4398 nisi
1827 4345 2084 4400 omnibus
2125 4344 2262 4397 locis
2301 4342 2669 4411 argumentis-

376 4450 482 4503 que
518 4440 776 4491 accurate
813 4436 1144 4491 examinatis
1180 4454 1268 4491 res
1310 4434 1562 4504 expediri
1601 4434 1813 4502 nequit.
