3157 5028
1570 349 1605 400 8

437 522 776 605 ἀροῦσθαι
816 515 1022 609 μόνον
1066 519 1453 603 εἰδαίμονας
1499 508 1752 601 {Ji-faova
1842 520 2181 604 Hippolyto
2224 519 2423 602 igitur
2464 519 2531 582 in
2559 519 2737 602 prato

437 623 548 688 illo
593 623 834 688 Dianae
877 625 1181 706 tanquam
1233 623 1521 688 aeternae
1571 621 2060 705 tranquillitatis
2122 621 2414 703 pacisque
2467 620 2739 700 imagine

437 725 583 790 amb
697 724 790 788 nti
834 724 1155 789 beatorum
1201 724 1370 789 sedes
1413 725 1745 802 obversari,
1797 722 2017 806 ecquid
2062 722 2415 788 insulsum?

696 825 834 890 oeta
880 826 1088 890 autem
1133 821 1504 890 sententiola
1549 825 1661 890 illa
1706 825 1783 890 de
1812 824 2043 889 virtute
2082 826 2307 888 natura
2336 823 2547 906 insita,
2593 823 2740 888 Pin-

439 927 618 993 dari¹
663 927 1040 992 auctoritate
1081 926 1344 1008 sancita,
1389 945 1511 991 non
1553 926 1688 990 tam
1733 925 2127 990 initiatorum
2159 943 2349 1007 quam
2394 925 2740 1007 generatim

442 1028 775 1110 proborum
819 1027 1113 1092 iuvenum
1158 1046 1467 1092 summam
1515 1029 1813 1093 virtutem
1856 1026 2169 1102 illustrat;
2241 1025 2738 1108 quandoquidem

438 1128 770 1194 translatio
816 1128 1174 1193 distinctius
1218 1128 1390 1210 loqui
1437 1129 1629 1194 vetat.
1716 1128 1817 1193 Ad
1864 1127 2028 1213 quod
2072 1126 2411 1193 artificium
2444 1122 2742 1202 Αἱδοῢςῖ

441 1230 830 1313 allegoriam,
876 1250 1065 1313 quam
1096 1231 1454 1312 Euripidem
1487 1249 1757 1313 pangere
1800 1249 1922 1294 non
1968 1229 2239 1312 potuisse
2282 1229 2504 1294 vellem
2558 1227 2741 1293 certis

441 1333 828 1416 argumentis
873 1332 1183 1413 probareS‚
1246 1332 1583 1399 transitum
1628 1331 1950 1413 aptissime
1996 1349 2213 1413 parare
2261 1329 2327 1392 in
2374 1329 2583 1410 aprico
2630 1329 2739 1394 est.

439 1427 664 1516 Itaque
708 1433 932 1510 nescio,
980 1452 1060 1497 an
1105 1433 1238 1514 apis
1284 1432 1874 1498 commemorationi.
1905 1451 1961 1498 v.
1995 1432 2073 1496 77
2118 1431 2308 1496 altior
2328 1449 2541 1495 sensus
2570 1429 2741 1508 insit,

444 1555 626 1618 quem
671 1537 884 1600 tamen
929 1533 1211 1616 equidem
1257 1525 1380 1598 non
1425 1533 1622 1599 audeo
1678 1534 1911 1599 elicere.
2002 1533 2169 1598 Nam
2223 1531 2595 1596 scholiastae
2647 1530 2743 1594 in·

442 1635 845 1719 terpretanti:
889 1633 1191 1716 μέλισσαε
1238 1628 1412 1722 ψυχή
1457 1634 1640 1700 fidem
1687 1654 1811 1699 non
1860 1635 2115 1700 habebis
2138 1637 2181 1699 ³.

585 1741 592 1748 ’
646 1735 765 1801 Sed
818 1737 982 1800 hunc
1031 1735 1237 1800 locum
1299 1736 1424 1802 alia
1469 1736 1825 1801 coniectura
1866 1735 1945 1800 ad
1990 1734 2311 1800 Phaedrae
2354 1751 2556 1798 mores
2608 1750 2745 1814 per-

442 1839 695 1903 tinente·
719 1856 1010 1902 exornare
1054 1837 1402 1903 conveniat.
1491 1837 1778 1920 Magicae
1822 1835 2059 1900 scilicet·
2101 1840 2267 1900 artes
2308 1853 2451 1900 cum
2487 1835 2555 1897 in
2586 1832 2745 1914 Hip-

446 1938 659 2022 polyto
707 1937 1062 2004 Coronifero
1108 1939 1459 2022 tanguntur
1501 1938 1606 2016 (cf.
1650 1958 1707 2002 v.
1755 1939 1925 2018 509),
1972 1938 2107 2001 tum
2157 1939 2223 2001 in
2270 1937 2492 2002 Velato
2536 1935 2743 1999 locum

447 2039 848 2118 invenerant3
895 2059 1041 2104 nam
1077 2039 1427 2104 Phaedram
1471 2039 1574 2105 hic
1618 2038 2115 2103 devinctionibus
2158 2039 2220 2102 et
2262 2035 2782 2102 incantamentis,

449 2158 699 2222 operam
743 2159 1022 2221 navasse,
1090 2142 1162 2204 ut
1205 2140 1484 2205 amatum
1532 2140 1821 2204 iuvenem
1872 2139 2170 2220 alliceret,
2224 2158 2295 2204 ea
2338 2135 2749 2203 similitudine

448 2238 579 2304 veri
641 2238 975 2313 conicitur,
1055 2259 1242 2322 quam
1303 2239 1367 2303 in
1425 2241 1522 2303 his
1583 2240 1765 2304 rebus
1826 2239 2117 2321 consequi
2174 2239 2322 2304 licet
2345 2243 2389 2303 ⁴.
2505 2237 2747 2302 Scimus

449 2342 662 2404 autem
731 2340 984 2403 ineunte
1055 2339 1179 2404 fere
1254 2339 1419 2404 bello
1484 2339 2004 2421 Peloponnesiaco
2072 2339 2366 2404 feminam
2434 2336 2747 2421 quandam

447 2441 689 2506 Ninum
753 2441 1133 2505 sacerdotem
1179 2440 1426 2506 Sabazii
1463 2441 1727 2506 Athenis
1779 2441 1997 2506 turbas
2050 2441 2290 2505 dedisse
2339 2439 2588 2524 philtris
2630 2437 2750 2502 mi-

450 2543 708 2621 scendis,
777 2543 854 2607 ob
911 2542 1075 2624 quod
1125 2542 1421 2607 delictum
1467 2544 1679 2625 postea
1720 2544 1785 2607 in
1837 2542 1935 2607 ius
1979 2545 2201 2607 vocata
2242 2542 2335 2607 est
2354 2544 2395 2607 ⁵.
2488 2539 2751 2605 Videtur

655 2881 675 2913 ¹
714 2881 800 2937 Ol.
839 2882 908 2951 11,
945 2884 1015 2936 86
1037 2882 1208 2953 (155),
1245 2884 1342 2950 IX,
1387 2886 1488 2938 100
1525 2883 1690 2955 (152).
1730 2884 1884 2939 Nem.
1919 2883 2020 2952 ΠΙ,
2058 2886 2128 2937 40
2164 2883 2292 2953 (70).
2353 2882 2584 2937 Minime
2618 2896 2753 2934 vero

449 2988 671 3025 necesse
709 2988 826 3025 esse
881 2988 1026 3039 eum,
1073 2974 1170 3041 qui
1208 2973 1418 3027 dieitur
1456 2991 1811 3043 nequaquam
1846 2973 2203 3027 institutione
2242 2960 2317 3011 ¹-—
2367 2972 2449 3025 ita
2486 2970 2634 3025 enim
2672 2970 2755 3022 in-

452 3060 878 3129 terpretandum
915 3060 1008 3125 (cf.
1047 3060 1206 3115 Gloel
1245 3062 1286 3115 1.
1325 3061 1386 3131 1.)
1425 3092 1490 3101 ·-
1529 3062 1626 3115 sed
1674 3066 1879 3115 natura
1924 3061 2192 3114 virtutem
2246 3060 2477 3114 insitam
2528 3059 2754 3125 habere,

452 3149 614 3204 libris
651 3150 878 3203 omnino
916 3166 973 3202 se
1011 3150 1308 3217 abstinere,
1355 3168 1470 3203 non
1511 3150 1717 3205 attinet
1756 3150 1993 3219 amplius
2032 3165 2311 3218 exponere
2335 3151 2531 3202 contra
2549 3147 2754 3200 'Whee-

457 3237 639 3290 lerum
676 3237 711 3289 l.
751 3237 785 3290 l.
821 3254 874 3305 p.
914 3238 1000 3299 49,
1068 3238 1162 3306 qui
1212 3238 1451 3307 putabat
1502 3239 1601 3292 hos
1648 3256 1839 3292 versus
1888 3256 2011 3292 cum
2049 3255 2101 3290 v.
2143 3238 2247 3290 952
2286 3254 2367 3304 sq.
2407 3236 2754 3303 discrepare3

455 3342 564 3394 quo
605 3325 726 3379 loco
769 3343 838 3379 ne
875 3326 994 3395 ipse
1032 3326 1258 3395 quidem
1295 3327 1635 3396 Hippolytus
1672 3327 1941 3395 loquitur.
1982 3355 2047 3365 -
2086 3325 2261 3379 Poeta
2299 3328 2489 3379 autem
2526 3339 2755 3391 carpere

454 3412 678 3467 videtur
715 3414 989 3483 sophistas
1031 3415 1116 3480 (cf.
1159 3416 1418 3470 Welcker
1455 3417 1488 3470 1.
1528 3418 1565 3469 1.
1605 3434 1660 3485 p.
1700 3417 1845 3485 474).

658 3502 680 3535 2
716 3502 952 3557 Athenis
991 3522 1146 3558 aram
1181 3504 1380 3558 habuit
1414 3509 1643 3559 auctore
1680 3505 1957 3558 Pausania
1993 3504 2036 3565 Ι,
2081 3505 2163 3557 17.
2207 3507 2253 3555 1.

657 3590 680 3623 ³
717 3593 976 3661 μέλισσαι
1000 3597 1057 3646 et
1077 3593 1352 3662 nymphae
1372 3598 1503 3647 sunt
1522 3594 1615 3660 (cf.
1639 3592 1819 3647 Schol.
1850 3592 2008 3647 Pind.
2030 3592 2193 3661 Pyth.
2210 3591 2307 3658 IV,
2328 3589 2447 3643 104.
2481 3588 2756 3658 Porphyr.

456 3680 526 3733 de
567 3683 730 3733 antro
769 3680 996 3748 nymph.
1030 3681 1129 3751 18).
1207 3680 1343 3735 Cum
1380 3684 1500 3736 toto
1536 3683 1658 3737 loco
1696 3681 2007 3750 Euripideo
2046 3680 2118 3735 ad
2154 3685 2468 3735 extremum
2506 3676 2757 3733 conferas

457 3767 610 3836 Ibyc.
648 3767 755 3839 frg.
801 3771 825 3821 1
869 3768 957 3823 B.:

1156 3846 1275 3925 Ἠρι
1310 3856 1423 3927 μὲν
1457 3861 1522 3911 αἴ
1551 3876 1609 3911 τε
1647 3851 1929 3913 Κυδώνιαι

1154 3946 1381 4016 μηλίδες
1417 3940 1722 4015 ἀρδόμεναι
1764 3948 1903 4019 ῥοᾶν
1986 3996 1992 4001 ,

1158 4036 1220 4089 ἐκ
1258 4036 1544 4107 ποταμῶν,
1587 4040 1676 4089 ἵνα
1712 4040 2014 4107 παρθένων

552 4180 559 4184 ,
1152 4124 1328 4192 κῆπος
1365 4118 1648 4191 ἀκήρατος.

661 4212 684 4243 ⁴
721 4208 804 4264 cf.
846 4208 1028 4266 Schol.
1069 4211 1352 4268 Theocrit.
1389 4213 1459 4281 ΙΙ,
1503 4214 1585 4267 10.
1624 4213 1886 4268 Weleker·
1921 4213 1957 4268 1.
1997 4211 2033 4267 1.
2072 4230 2125 4281 p.
2168 4213 2289 4265 737.

667 4298 690 4331 ⁶
730 4298 810 4353 Cf.
849 4299 1136 4356 Demosth.
1183 4302 1254 4357 de
1301 4302 1424 4356 fals.
1478 4303 1587 4372 leg.
1644 4300 1676 4371 ξ
1714 4303 1816 4355 281
1872 4300 2053 4356 Schol.
2114 4298 2374 4355 Schaefer
2409 4297 2697 4352 Demosth.
2736 4294 2759 4348 1

467 4402 522 4457 p.
550 4388 649 4439 198
688 4404 768 4460 sq.
817 4386 1163 4447 Schoemann
1200 4408 1384 4465 opusc.
1413 4391 1496 4447 111
1531 4408 1585 4462 p.
1618 4390 1740 4447 430.
1816 4390 1910 4449 Gr.
1947 4389 2193 4447 Alter-th.
2230 4388 2287 4445 11
2320 4405 2375 4460 p.
2404 4388 2525 4442 376.
2565 4386 2686 4441 349.
