3157 5028
1521 331 1595 386 89

409 497 588 579 Quod
635 499 712 564 ad
757 499 1388 582 repraesentationem
1432 500 1683 578 attinet,
1735 499 1968 563 nemini
2011 499 2271 566 dubium
2315 521 2444 568 esse
2486 504 2711 586 potest,

407 600 559 683 quin
603 602 923 666 teneamus
965 601 1143 685 quasi
1183 602 1451 670 alterum
1504 600 1817 684 quoddam
1868 600 2057 683 idque
2086 603 2516 687 neglegentius
2544 605 2711 670 scul-

406 703 586 783 ptum
631 701 1030 784 apographon
1074 702 1343 767 eiusdem
1389 701 1728 784 archetypi,
1776 721 1815 766 a
1860 720 1980 783 quo
2005 702 2325 769 Parisinus
2369 705 2477 770 ille
2521 705 2708 789 origi-

406 819 546 865 nem
593 801 788 866 duxit.
873 803 1098 885 Itaque
1149 804 1450 885 quattuor
1503 804 1794 868 accurate
1848 802 2029 867 modo
2086 803 2430 886 descriptas
2476 806 2711 889 figuras

406 901 622 967 eadem
690 903 844 967 serie
911 903 1186 978 exhibet3
1256 903 1570 986 discrepat
1639 903 1891 968 tantum
1959 903 2024 966 in
2088 903 2424 970 levioribus
2494 906 2709 970 rebus:

407 1021 588 1068 senex
659 1002 938 1068 dextram
1012 1004 1090 1069 ad
1151 1004 1430 1068 mentum
1493 1004 1812 1080 admovet,
1883 1004 2175 1086 puerulus
2234 1005 2499 1070 sinistra-
2550 1005 2711 1069 nihil

405 1103 595 1184 tenet,
662 1104 917 1168 nuntius
971 1104 1069 1169 vir
1115 1104 1413 1169 barbatus
1457 1105 1570 1168 est.
1645 1139 1725 1149 —
1802 1103 2214 1186 Tragoediam
2264 1104 2463 1188 signis
2506 1124 2709 1170 sarco-

406 1203 754 1286 phagorum
798 1222 1146 1285 expressam
1193 1222 1322 1269 esse
1372 1203 1680 1270 luculenti
1726 1203 1787 1268 hi
1832 1204 2023 1268 testes
2068 1205 2235 1270 sunt.
2321 1205 2567 1268 Etenim
2617 1205 2709 1270 vi-

407 1323 548 1388 rum
592 1303 924 1368 barbatum
960 1303 1140 1368 illum
1187 1305 1252 1368 in
1297 1305 1450 1369 solio
1495 1305 1808 1370 sedentem
1850 1303 1987 1386 quis
2033 1305 2145 1387 est,
2190 1304 2340 1386 quin
2382 1303 2709 1388 intellegat

409 1404 712 1469 Theseum
759 1423 886 1469 esse
930 1405 1222 1469 nuntium
1286 1405 1360 1470 de
1423 1406 1753 1489 Hippolyti
1811 1405 2071 1470 interitu
2136 1405 2531 1471 audientem?
2616 1407 2709 1472 De

407 1505 648 1570 duabus
693 1505 948 1587 reliquis
991 1505 1209 1589 figuris
1253 1508 1456 1572 multa
1500 1508 1655 1573 satis
1700 1507 2017 1589 eleganter
2065 1506 2401 1571 coniectari
2431 1509 2709 1588 possunt,

407 1607 462 1671 si
493 1607 630 1688 quis
664 1606 819 1670 satis
864 1605 1151 1670 habuerit
1196 1607 1292 1671 his
1335 1606 1554 1690 figuris
1587 1608 2080 1690 qualemcunque
2122 1625 2369 1672 sensum
2408 1608 2706 1692 subicere.

409 1707 590 1772 Talia
636 1707 1078 1788 interpretibus
1133 1707 1316 1772 facile
1358 1707 1880 1782 condonabimus;
1936 1726 2083 1772 nam
2126 1707 2180 1770 si
2225 1726 2345 1771 non
2382 1709 2707 1790 tragoedia

405 1807 542 1888 ipsa
583 1805 1082 1888 interpretationi
1128 1808 1296 1871 certa
1341 1807 1617 1872 subsidia
1666 1807 1971 1889 suggerit,
2033 1806 2107 1872 de
2174 1825 2243 1872 ea
2316 1808 2527 1872 actum
2594 1808 2705 1872 est.

408 1907 613 1988 Quare
657 1924 778 1970 non
820 1905 1024 1970 minus
1068 1907 1147 1970 iis
1190 1908 1574 1972 antevertere
1621 1907 1819 1985 volui,
1878 1907 1985 1989 qui
2044 1907 2253 1971 forsan
2300 1905 2476 1970 illam
2526 1907 2707 1973 femi-

407 2026 554 2072 nam
624 2025 732 2088 pro
789 2005 904 2072 dea
958 2006 1259 2082 habeant3
1327 2007 1425 2070 cui
1493 2007 1883 2072 coniecturae
1941 2006 2131 2072 etiam
2192 2007 2496 2089 obstrepit
2536 2009 2709 2073 totus

407 2106 658 2172 habitus
730 2108 1088 2189 modusque,
1172 2126 1292 2190 quo
1363 2108 1513 2172 huic
1590 2125 1845 2172 scaenae
1915 2107 2149 2172 inserta
2218 2093 2314 2172 ¹est
2388 2108 2492 2188 (cf.
2535 2109 2708 2173 Hink

406 2207 448 2272 1.
493 2207 533 2271 l.
577 2227 638 2290 p.
683 2205 856 2288 121);
917 2226 1058 2272 cum
1101 2209 1167 2272 ni
1211 2209 1395 2274 fallor
1447 2207 1821 2274 verecundia
1872 2208 2179 2291 quaedam
2239 2207 2510 2273 artifices
2564 2227 2706 2290 pro-

407 2307 666 2391 hiberet,
712 2308 1043 2390 quominus
1085 2309 1231 2374 deos
1280 2311 1395 2374 hoc
1439 2309 1622 2375 modo
1667 2328 1867 2391 neque
1907 2309 2144 2391 insigni
2192 2309 2321 2373 ullo
2367 2309 2705 2376 instructos

405 2426 604 2490 neque
647 2409 904 2474 elatiore
945 2409 1166 2475 habitu
1210 2410 1390 2474 rebus
1434 2409 1727 2474 humanis
1770 2409 2208 2473 immiscerent.
2299 2410 2397 2474 An
2429 2410 2704 2475 fructum

405 2527 444 2573 a
488 2510 742 2591 puerulo
788 2509 1010 2590 latum,
1056 2530 1235 2593 quem
1283 2511 1443 2576 alter
1489 2511 1910 2593 sarcophagus
1960 2511 2151 2575 etiam
2187 2511 2705 2596 omisit,‚insigne

405 2628 536 2675 esse
579 2608 966 2675 affirmabis?
1034 2646 1112 2655 -
1177 2611 1528 2688 Rationem,
1595 2629 1718 2692 qua
1764 2629 1893 2673 rem
1938 2610 2347 2691 expediamus
2394 2611 2547 2675 satis
2593 2632 2705 2676 an-

404 2710 507 2773 tea
553 2710 810 2774 munivi.
898 2712 971 2774 In
1041 2711 1248 2793 puella
1309 2710 1387 2775 ad
1456 2711 1734 2775 dextram
1790 2710 2220 2793 progrediente
2270 2730 2447 2776 serva
2510 2731 2706 2795 agno-

407 2809 650 2889 scenda,
697 2830 854 2893 quae
898 2811 977 2875 ad
1003 2812 1306 2876 Theseum
1356 2811 1661 2875 festinans
1708 2810 2000 2875 nuntium
2046 2810 2123 2875 de
2158 2811 2477 2877 Phaedrae
2507 2816 2705 2879 morte

407 2910 682 2975 allatura
726 2912 849 2986 est3
896 2912 1064 2976 iussa
1108 2912 1220 2977 illa
1265 2932 1302 2977 a
1347 2911 1603 2975 domina
1647 2911 1869 2977 liberos
1906 2911 2122 2976 Thesei
2166 2911 2310 2976 fidei
2354 2932 2429 2977 ac
2470 2914 2704 2979 tutelae

309 2996 326 3009 ⁹
405 3012 814 3095 committere,
860 3013 1035 3077 cuius
1078 3012 1328 3095 signum
1373 3013 1703 3104 puerulum
1748 3013 2069 3095 adportat3
2116 3032 2257 3077 nam
2306 3014 2503 3079 altera
2549 3034 2703 3097 quo-

404 3134 525 3198 que
586 3114 870 3179 Phaedra
939 3132 1056 3179 non
1129 3114 1316 3177 semel
1371 3115 1621 3178 tantum
1697 3114 2033 3179 liberorum
2100 3133 2337 3180 memor
2419 3118 2512 3181 est
2594 3116 2699 3197 (cf.

406 3235 462 3281 v.
529 3217 672 3280 421.
739 3215 908 3295 717).
1030 3214 1285 3280 Servam
1359 3216 1700 3280 comitatur
1771 3215 2169 3299 paedagogus
2250 3251 2331 3261 —
2388 3236 2532 3281 nam
2612 3216 2703 3281 sic

403 3336 608 3382 senem
641 3316 862 3380 merito
891 3316 1169 3381 nomines
1194 3352 1295 3398 —-,
1343 3316 1450 3398 qui
1494 3334 1564 3379 ex
1612 3316 1917 3382 subitaria
1947 3317 2264 3383 Phaedrae
2294 3337 2439 3383 nece
2480 3318 2703 3383 volun-

403 3418 568 3482 taria
632 3436 860 3482 novam
912 3418 1321 3499 suspicionem
1377 3418 1632 3482 trahens
1692 3417 1928 3481 domini
1981 3418 2403 3483 innocentiam
2455 3421 2702 3484 strenue

404 3517 678 3583 defendit
743 3519 960 3583 contra
1025 3536 1290 3601 servam,
1364 3518 1684 3582 Theseum·
1750 3518 2013 3582 fortasse
2071 3518 2189 3582 hoc
2264 3519 2700 3584 dehortaturus

402 3619 522 3701 frg.
569 3618 723 3681 443:
1850 3682 1853 3687 ,

707 3718 941 3803 Θησεῦ,
984 3724 1287 3800 παραινῶ
1329 3740 1438 3782 σοι
1480 3712 1558 3781 τὸ
1601 3718 1884 3803 λῷστον·
1930 3714 1989 3782 εἶ
2027 3720 2315 3805 φρονεῖς,

699 3816 900 3903 μηδὲν
943 3820 1167 3884 πιθοῦ
1209 3818 1456 3903 γυναικὶ
1498 3809 1759 3905 τάληθῆ
1802 3819 2015 3885 κλύων
2038 3823 2075 3886 ¹.

402 4006 587 4077 XXII)
623 4007 909 4077 Vorlegbl.
939 4006 1054 4063 Ser.
1080 4007 1146 4061 V.
1171 4006 1234 4060 T.
1263 4006 1384 4060 XII.
1419 4007 1464 4060 1.
1501 4006 1754 4061 Dumont
1783 4006 1921 4061 Rev.
1950 4004 2193 4060 archeol.
2238 4007 2374 4059 1872
2411 4023 2465 4074 p.
2496 4008 2597 4059 118
2616 4023 2698 4075 sq.

402 4095 764 4163 Heydemann
800 4093 971 4149 Arch.
1009 4096 1148 4150 Zeit.
1194 4096 1331 4149 1872
1369 4114 1421 4164 p.
1461 4097 1545 4149 60.

607 4184 628 4217 ¹
663 4182 818 4237 eod:
873 4188 1088 4252 γυναικὶ
1125 4190 1326 4237 πείθου
1359 4184 1506 4255 μηδὲ
1545 4180 1753 4249 τάληθῆ
1788 4176 1982 4250 κλύων,
2028 4182 2177 4252 quod
2217 4182 2389 4253 vulgo
2428 4183 2699 4252 interpre-

401 4273 510 4327 tati
545 4275 700 4325 sunt:
741 4288 811 4326 ne
848 4272 1038 4326 credas
1059 4272 1301 4340 mulieri,
1338 4272 1559 4327 etiamsi
1586 4289 1721 4325 vera
1748 4270 1935 4337 audis;
1979 4288 2147 4339 quam
2172 4266 2505 4325 sententiam
2536 4288 2697 4339 pror-

408 4378 499 4414 sus
535 4377 856 4429 perversam
891 4360 1103 4414 dudum
1139 4360 1466 4429 reprobavit
1504 4358 1686 4413 Hiller
1736 4358 1927 4429 (Liber
1963 4359 2117 4412 misc.
2160 4358 2243 4412 ed.
2286 4376 2319 4413 a
2354 4375 2463 4412 soc.
2500 4357 2696 4429 philol.
