3157 5028
1484 383 1554 440 67

369 561 475 624 tur
515 595 601 606 ——
643 559 898 645 Byblidi
936 559 1148 625 autem
1195 558 1397 625 Cauni
1445 561 1658 643 imago
1708 578 1815 642 per
1859 578 2144 626 somnum
2190 580 2371 644 saepe
2422 560 2677 626 offertur

370 678 428 724 v.
473 660 600 724 470
644 678 734 743 sq.
758 662 797 739 ¹,
851 660 1017 743 quod
1062 679 1203 724 vere
1247 659 1740 725 Alexandrinum
1784 661 1894 725 est.
1982 659 2085 726 Sic
2128 660 2347 726 Medea
2389 661 2673 728 Iasonem

367 761 431 826 in
473 781 690 828 somno
739 761 937 827 cernit
981 759 1215 844 (Apoll.
1242 760 1441 825 Rhod.
1486 760 1605 839 III,
1652 761 1777 824 616
1801 760 1939 842 sq.)‚
1987 779 2147 843 quae
2190 762 2539 844 experrecta
2580 762 2673 827 ita

369 882 426 929 v.
477 864 631 929 636:
677 856 856 948 δειλὴ
903 855 1081 947 ἐγών,
1132 851 1283 926 οἷόν
1319 885 1402 944 με
1445 864 1675 944 βαρεῖς
1720 855 2058 947 ἐφόβησαν
2102 851 2365 944 ὄνειροι.
2454 862 2672 946 Byblis

367 964 675 1030 exclamat
719 984 776 1031 v.
821 965 976 1030 474:
1045 957 1180 1029 ‘me
1237 965 1558 1030 miseram!
1628 963 1861 1029 tacitae
1918 963 2067 1046 quid
2112 965 2252 1030 vult
2308 963 2426 1029 sibi
2472 965 2671 1030 noctis

365 1065 651 1148 imagoP’
743 1065 929 1149 Apud
981 1065 1278 1153 Nonnum
1348 1065 1637 1149 (Dionys.
1681 1065 1937 1143 XLVII,
2007 1065 2130 1130 320
2170 1067 2290 1148 sq.)
2357 1064 2673 1131 Ariadnae

364 1166 705 1232 somnianti
748 1167 965 1232 Thesei
1019 1167 1231 1249 imago
1292 1167 1595 1250 occurrit3
1665 1185 1881 1232 somno
1943 1167 2148 1233 soluto
2209 1167 2533 1247 desiderat,
2598 1169 2672 1232 ut

365 1267 580 1333 redeat
621 1267 891 1332 iucunda
934 1268 1144 1351 imago
1191 1287 1247 1334 v.
1295 1269 1449 1347 3453
1510 1268 1676 1334 idem
1724 1267 1937 1362 Byblis
1980 1270 2124 1334 avet
2166 1287 2224 1334 v.
2268 1269 2412 1334 480.
2522 1269 2671 1350 Qui-

365 1369 480 1434 bus
520 1368 828 1452 adiungas
871 1368 1125 1447 Bacchi,
1173 1369 1274 1434 cui
1317 1369 1512 1434 Beroe
1556 1369 1835 1448 offertur,
1883 1369 2051 1434 haud
2096 1388 2413 1453 quaquam
2444 1371 2668 1453 pudica

364 1470 608 1535 somnia
648 1470 832 1553 plane
879 1471 1315 1553 respondentia
1359 1471 1621 1537 Milesiis
1690 1471 1929 1552 (Nonn.
1973 1471 2229 1555 Dionys.
2274 1471 2471 1549 XLII,
2517 1471 2668 1535 335:

364 1569 472 1634 καὶ
516 1574 836 1653 σκιεροῖσι
880 1564 1181 1655 γάμοισιν
1225 1565 1483 1653 ὁμίλεεν
1523 1570 1717 1652 κτλ.);
1782 1572 2085 1637 excitatus
2132 1571 2431 1638 Somnum
2481 1571 2664 1637 Amo·

323 1739 338 1745 ,
366 1690 498 1736 rem
545 1672 843 1738 Venerem
903 1674 1212 1755 precatur,
1276 1675 1349 1737 ut
1392 1673 1751 1756 voluptates
1793 1673 2085 1738 revocent
2126 1692 2185 1738 v.
2232 1673 2351 1736 341
2395 1691 2485 1755 sq.
2574 1671 2668 1737 Si-

368 1772 548 1838 milia
591 1775 983 1840 matrimonii
1027 1774 1260 1858 gaudia
1303 1775 1631 1840 Morrheus
1677 1774 1950 1840 somniat
1981 1773 2428 1840 Chalcomedae
2457 1791 2671 1838 amore

367 1873 796 1941 inflammatus
843 1876 1075 1956 (Noun.
1122 1876 1376 1960 Dionys.
1421 1876 1720 1956 XXXIV,
1766 1878 1849 1941 89
1892 1874 2009 1959 sq.)
2026 1878 2069 1956 ²,
2126 1895 2248 1959 qua
2292 1875 2522 1941 fabella
2567 1874 2671 1938 hic

367 1976 501 2041 illic
555 1975 960 2059 Euripideam
1015 1977 1366 2042 Phaedram
1423 1978 1603 2042 nobis
1658 1979 1722 2042 in
1779 1977 2142 2042 memoriam
2208 1977 2418 2042 reduci
2482 1995 2670 2058 supra

368 2077 583 2143 notavi
608 2076 694 2160 (p.
721 2075 844 2160 18).
890 2077 1173 2160 Denique
1216 2077 1458 2144 somnia
1488 2079 1553 2142 in
1584 2078 2002 2162 Anthologiae
2042 2077 2283 2143 lusibus
2314 2078 2483 2143 haud
2526 2097 2668 2144 raro

370 2179 704 2244 occurrunt
752 2177 857 2258 (cf.
884 2178 1076 2243 Anth.
1101 2178 1239 2244 Pal.
1266 2179 1342 2258 V,
1373 2179 1515 2243 243.
1559 2179 1708 2258 XII,
1759 2181 1897 2246 125.
1937 2180 2054 2244 127
2100 2199 2159 2244 v.
2192 2179 2231 2243 5
2262 2198 2351 2262 sq.
2384 2179 2552 2258 177).
2588 2214 2665 2225 -

367 2278 468 2344 Ad
503 2278 863 2345 Choricium
896 2280 1106 2344 autem
1137 2280 1277 2362 post
1316 2280 1478 2344 hanc
1521 2279 1971 2362 digressionem
2004 2281 2327 2345 redeuntes
2357 2279 2485 2345 iam
2522 2298 2668 2344 con-

368 2379 626 2444 fidenter
693 2379 1040 2446 statuemus
1115 2399 1255 2444 eum
1319 2381 1810 2447 Alexandrinum
1879 2382 2081 2448 nescio
2146 2381 2313 2464 quod
2370 2398 2617 2445 carmen
2642 2384 2668 2422 ⁸

368 2482 612 2565 praesto
657 2481 964 2562 habuisse,
1033 2500 1102 2547 ex
1146 2500 1267 2565 quo
1313 2482 1451 2565 plus
1509 2501 1697 2565 quam
1743 2481 1957 2548 inanes
2002 2481 2289 2548 flosculos
2332 2480 2666 2558 delibaret;

364 2583 725 2665 praesertim
771 2600 916 2647 cum
961 2583 1202 2647 constet
1255 2583 1531 2648 rhetores
1588 2584 1743 2649 istos
1784 2585 2059 2649 recentes
2103 2583 2665 2649 Alexandrinorum

363 2683 592 2749 scrinia
660 2683 1001 2749 insolenter
1069 2683 1384 2766 expilasse.
1471 2684 1810 2749 Memoriae
1869 2685 2069 2768 igitur
2121 2685 2459 2767 infigamus
2526 2703 2667 2749 eum

360 2784 556 2867 ipsius
599 2785 904 2867 epistulae
947 2804 1256 2850 summam
1315 2804 1427 2850 suo
1474 2786 1725 2869 quidem
1768 2787 1976 2852 Marte
2028 2787 2243 2869 paucis
2292 2784 2665 2870 significare.

564 2885 664 2949 Ad
707 2886 1057 2950 extremum
1099 2887 1312 2951 autem
1354 2888 1516 2950 hunc
1562 2886 1772 2952 locum
1814 2888 1907 2953 ita
1951 2887 2316 2953 concludere
2357 2887 2539 2953 licet:
2592 2888 2665 2951 In

370 2985 678 3052 Ovidiana
711 2986 1009 3071 Byblidos
1052 2986 1269 3053 fabula
1307 3006 1452 3053 cum
1494 2988 1698 3055 multa
1729 2990 2094 3055 ornamenta
2123 2990 2319 3055 inesse
2354 2988 2665 3072 evicerim,

574 3264 592 3295 ¹
629 3264 889 3320 Phaedra
925 3264 1086 3319 iuxta
1121 3265 1396 3320 Theseum
1431 3266 1806 3321 dormientem
1842 3267 1965 3336 ipsa
2002 3283 2225 3337 quoque
2272 3284 2467 3323 somno
2505 3285 2664 3323 occu·

368 3357 505 3422 pata
544 3353 605 3406 in
637 3354 821 3423 prima
857 3371 988 3409 area
1022 3358 1444 3422 repraesentata
1481 3359 1622 3417 erat,
1674 3356 1722 3409 si
1772 3355 1988 3410 rhetori
2035 3354 2207 3410 fidem
2258 3356 2427 3411 habes
2464 3357 2664 3426 (Boiss.

364 3459 416 3511 p.
457 3443 604 3512 162).

561 3533 583 3565 ²
627 3531 712 3586 De
760 3532 871 3585 alio
922 3535 1254 3586 ornamento
1293 3531 1677 3585 Alexandrino
1727 3531 1787 3585 in
1836 3532 2235 3587 Chalcomedae
2279 3531 2473 3587 fabula
2516 3533 2664 3589 Non-

364 3619 538 3675 niana
578 3619 648 3673 cf.
686 3620 917 3689 Dilthey
953 3620 990 3673 1.
1029 3620 1065 3673 1.
1106 3638 1162 3689 p.
1201 3622 1271 3674 70
1306 3624 1363 3674 et
1399 3620 1467 3674 de
1504 3620 1719 3674 Beroae
1756 3619 1950 3675 fabula
1985 3638 2038 3690 p.
2078 3622 2162 3675 36.

568 3709 590 3741 ⁸
627 3708 791 3777 Cave,
838 3727 910 3763 ne
958 3726 1027 3763 ex
1071 3708 1429 3776 CallimachO,
1486 3708 1576 3762 cui
1630 3711 1865 3777 ἱστορίαι
1901 3712 2049 3770 ξέναι
2100 3713 2193 3762 καὶ
2238 3702 2482 3779 ἅτριπτοι
2530 3728 2665 3780 prae

364 3797 735 3867 popularibus
793 3798 1110 3867 placebant,
1165 3815 1355 3851 omnes
1414 3801 1613 3866 poetas
1670 3797 1943 3867 elegiacos
1996 3798 2224 3868 'pendas-
2307 3800 2399 3852 An
2452 3799 2513 3853 in
2560 3799 2666 3855 hac

365 3885 692 3954 quaestione
727 3885 871 3939 nihil
907 3885 1100 3940 valent
1137 3886 1395 3956 picturae
1431 3886 1773 3954 parietariae
1823 3886 2031 3940 totiens
2070 3886 2365 3955 Hippolyti
2413 3886 2664 3941 fabulam

363 3973 750 4028 illustrantes?
823 3974 1075 4042 Accedit,
1134 3975 1283 4043 quod
1319 3974 1657 4044 Lycophron
1702 3978 1953 4028 nostram
2000 3975 2253 4029 fabulam
2298 3975 2357 4027 in
2404 3992 2663 4029 scaenam

364 4062 599 4116 deduxit
657 4060 753 4129 (cf.
791 4060 988 4115 Suidas
1027 4079 1069 4115 s.
1105 4062 1199 4131 v.).
1243 4062 1460 4117 .Abeat
1512 4062 1738 4131 quidem
1784 4066 2029 4133 nugator
2075 4063 2365 4131 ApuleiuS,
2422 4064 2519 4131 qui
2574 4064 2664 4133 (de

365 4149 741 4220 orthograph.
783 4147 814 4218 ἓ
842 4150 911 4203 64
947 4167 1002 4218 p.
1042 4152 1104 4201 13
1145 4149 1236 4204 Os.
1270 4150 1527 4205 Meineke
1552 4150 1719 4204 Anal.
1746 4150 1907 4204 Alex.
1945 4168 2000 4219 p.
2029 4150 2155 4218 290)
2191 4150 2338 4219 Lupi
2376 4152 2663 4205 cuiusdam

361 4236 542 4291 Anilii
567 4237 636 4290 de
660 4234 949 4290 Phaedrae
973 4237 1289 4306 sororisque
1321 4239 1536 4292 ultione
1571 4238 1957 4292 testimonium
1982 4237 2281 4291 ementitus
2320 4236 2412 4305 (cf.
2432 4237 2664 4307 Madvig

363 4343 521 4394 opus.
559 4323 716 4379 acad.
753 4323 781 4376 I
817 4341 872 4393 p.
909 4326 1000 4392 20)
1038 4324 1225 4379 addit:
1279 4324 1641 4379 ‘Parthenius
1690 4322 1903 4380 aliter-².
1975 4325 2325 4395 Quanquam,
2363 4325 2511 4379 unde
2558 4326 2665 4379 hoc

363 4411 586 4479 habeat,
622 4412 914 4467 nescimus.
