3157 5028
1634 336 1707 389 28

521 525 778 572 manum
840 509 1206 591 compilasse
1284 509 1383 574 vel
1453 507 1598 573 inde
1670 509 1898 590 elucet,
1973 507 2139 591 quod
2221 507 2433 572 nutrix
2498 525 2667 571 eram
2743 505 2827 570 de

523 626 732 672 amore
773 608 840 673 in
883 609 1241 675 universum
1287 610 1544 674 obscure
1586 611 1864 675 locutam
1904 609 2153 674 nomine
2209 608 2358 687 eius,
2407 626 2590 690 quem
2634 607 2827 689 depe-

523 712 678 791 reat,
742 709 1014 774 nondum
1062 710 1337 776 indicato
1391 713 1605 775 monet
1648 731 1705 783 v.
1746 713 1864 775 130
1909 730 2022 793 sq.,
2068 711 2140 774 ut
2188 709 2455 774 nefanda
2498 711 2666 774 casto
2712 727 2825 790 pe-

525 809 694 874 ctore
724 810 1024 876 exturbet.
1077 811 1215 875 Hoc
1245 811 1404 877 citra
1431 829 1665 876 morem
1698 809 1919 876 Graeci
1947 811 2186 893 poetae,
2228 809 2337 893 qui
2368 810 2493 874 fere
2536 809 2615 874 ad
2662 828 2825 874 nau-

523 929 689 975 seam
739 929 932 993 usque
975 912 1040 975 in
1083 911 1178 976 his
1221 911 1403 976 rebus
1447 913 1776 976 accuratus
1820 913 1931 976 est.
2020 911 2232 994 Atque
2275 929 2497 993 parum
2550 911 2823 974 circum-

522 1012 724 1094 specte
769 1012 1000 1080 Seneca
1044 1030 1291 1076 versum
1336 1012 1485 1074 227:
1525 1003 1542 1030 ‘
1565 1011 1811 1092 experta
1842 1029 2092 1076 saevam
2130 1013 2222 1076 est
2252 1011 2518 1077 barbara
2550 1011 2825 1092 Antiope

521 1113 802 1178 manum’
852 1113 1082 1177 nutrici
1125 1112 1370 1190 tribuit,
1417 1130 1554 1176 cum
1608 1111 1867 1177 Ovidius
1914 1132 1969 1178 v.
2002 1111 2122 1176 119
2167 1112 2347 1176 fidem
2395 1111 2589 1176 faciat
2630 1111 2697 1175 id
2738 1111 2822 1176 ad

526 1213 934 1280 contumelias
975 1213 1301 1295 pertinere,
1365 1213 1591 1296 quibus
1636 1211 1918 1278 Phaedra
1971 1213 2038 1277 in
2083 1212 2380 1278 maritum
2425 1213 2741 1278 invehitur
2778 1215 2819 1277 ¹.

724 1315 1069 1380 Phaedram
1118 1315 1597 1380 marcescentem
1642 1313 1944 1378 desiderio
2005 1314 2185 1379 rebus
2249 1313 2550 1379 inauditis
2604 1313 2822 1379 incon-

522 1417 763 1480 stanter
827 1415 1242 1499 effrenateque
1306 1415 1595 1498 optandis
1649 1414 2129 1480 debacchantem
2199 1414 2266 1480 in
2331 1417 2533 1496 priore
2576 1433 2822 1499 quoque

527 1515 741 1582 fabula
803 1515 1180 1598 descriptam
1259 1535 1385 1581 esse
1450 1535 1572 1581 non
1644 1518 1739 1580 est
1814 1533 1925 1579 cur
1995 1533 2307 1597 negemus.
2424 1516 2821 1580 Valckenarii

525 1617 880 1683 coniectura
945 1617 1051 1699 (ad
1095 1617 1242 1700 Hip.
1309 1637 1369 1682 v.
1416 1615 1565 1701 230)
1636 1617 1689 1682 si
1754 1618 1923 1682 certa
1982 1618 2167 1700 esset,
2241 1617 2401 1680 hanc
2460 1635 2589 1680 rem
2647 1618 2821 1681 extra

525 1717 933 1782 dubitationis
987 1719 1188 1784 aleam
1234 1719 1502 1800 poneret.
1570 1717 1932 1782 Philocleon
1977 1716 2139 1780 enim
2183 1714 2407 1800 (Arist.
2448 1716 2621 1797 Vesp.
2670 1713 2823 1798 750)

527 1818 834 1883 concitate
878 1818 1101 1900 proicit
1144 1819 1322 1884 haec:

1046 1913 1137 2004 μή
1183 1943 1298 2002 μοι
1343 1914 1599 1984 τούτων
1639 1917 1839 2002 μηδὲν
1882 1913 2223 2002 ὑπισχνοῦ,

1047 2021 1280 2086 κείνων
1325 2017 1582 2104 ἔραμαι,
1628 2024 1813 2086 κεῖθι
1854 2019 2179 2105 γενοίμαν,

525 2122 862 2188 scholiasta
908 2122 1199 2188 adnotat:
1269 2120 1501 2186 κείνων
1547 2117 1813 2205 ἔραμαιε
1882 2121 1955 2203 ἐξ
1996 2115 2388 2186 Ἱππολύτου
2435 2109 2819 2201 Εὐριπίδου.

524 2223 596 2288 In
637 2224 913 2290 correcta
981 2222 1250 2288 editione
1291 2224 1442 2288 haec
1485 2242 1610 2288 non
1658 2224 1988 2307 leguntur3
2034 2224 2140 2288 sed
2184 2222 2417 2288 similia
2462 2242 2517 2286 v.
2566 2223 2711 2304 230,
2756 2221 2817 2284 et

526 2325 710 2389 verbo
764 2319 1000 2405 ἔραμαι
1038 2325 1242 2389 utitur
1285 2324 1572 2390 Phaedra
1618 2345 1675 2390 v.
1722 2326 1876 2408 2193
1922 2325 2324 2408 quamobrem
2349 2323 2566 2388 Valck.
2614 2321 2817 2386 conie-

526 2426 612 2490 cit
677 2445 748 2490 ex
811 2424 1033 2491 Velato
1108 2427 1274 2490 hunc
1347 2445 1591 2491 versum
1667 2427 1934 2509 petitum
2010 2445 2154 2492 esse.
2274 2425 2445 2506 Quae
2512 2422 2819 2488 sententia

524 2528 799 2593 multum
866 2527 1330 2610 probabilitatis
1389 2529 1597 2611 habet,
1664 2547 2023 2612 quanquam
2083 2529 2213 2609 ipse
2266 2526 2487 2593 laudat
2550 2524 2818 2591 similem

525 2628 864 2696 Alcestidis
900 2648 1145 2695 versum
1191 2631 1332 2709 866,
1379 2631 1488 2696 ubi
1531 2628 1765 2693 κείνων
1790 2624 2025 2712 ἔραμαι
2067 2628 2329 2711 legitur3
2374 2627 2631 2710 accedit,
2662 2625 2825 2710 quod

525 2731 642 2796 hoc
685 2731 966 2797 scholion
1035 2732 1100 2797 in
1145 2731 1276 2797 cod.
1321 2732 1477 2797 Rav.
1523 2731 1697 2796 deest
1727 2733 1769 2796 ².
1808 2766 1883 2777 --
1932 2729 2315 2813 Sarcophagi
2374 2729 2585 2793 autem
2631 2727 2823 2791 Phae-

528 2970 694 3021 quam
765 2953 887 3005 arte
960 2966 1180 3019 semper
1241 2948 1385 3003 duae
1447 2949 1721 3003 editiones
1785 2948 2175 3003 cohaeserint?
2284 2948 2578 3003 Per-simile
2637 2953 2822 3004 autem

529 3038 768 3095 Senecae
804 3038 992 3093 verbis
1027 3041 1112 3093 est
1147 3038 1282 3092 Eur.
1327 3037 1436 3108 frg.
1475 3040 1597 3091 837.

731 3129 751 3160 ²
789 3127 872 3183 ef.
909 3125 1010 3181 Ov·
1050 3128 1153 3181 110
1191 3143 1272 3195 sq.
1311 3126 1433 3181 Sen.
1473 3128 1538 3180 91
1580 3144 1661 3196 sq.
1701 3125 1984 3181 Plutarch.
2022 3127 2075 3181 d.
2119 3127 2249 3182 aud.
2284 3130 2435 3197 poet.
2479 3126 2513 3181 8
2550 3130 2661 3181 ext.

729 3218 751 3249 ²
787 3216 994 3271 Versus
1033 3214 1346 3270 Coroniferi
1382 3216 1485 3267 219
1525 3232 1634 3283 sq.:
1674 3212 1813 3284 πρὸς
1848 3216 2014 3281 θεῶν,
2052 3215 2254 3287 ἔραμαι
2291 3219 2416 3269 κυσὶ
2465 3205 2669 3275 θωΰξαι
2715 3217 2824 3269 κτλ.

528 3306 738 3360 inridet
773 3305 1180 3373 Aristophanes
1215 3305 1275 3358 in
1295 3306 1562 3375 Anagyro
1600 3304 1731 3375 (frg.
1771 3308 1833 3357 51
1876 3304 2081 3370 Kock):
2121 3303 2261 3373 πρὸς
2298 3304 2448 3357 θεῶν
2484 3305 2683 3375 ἔραμαι
2720 3308 2827 3357 τέτ-

527 3414 650 3465 τιγα
695 3400 901 3467 φαγεῖν
936 3396 1047 3447 κτλ.
1071 3422 1135 3433 --
1155 3392 1263 3447 Sed
1301 3394 1397 3463 qui
1435 3394 1701 3464 Euripidi
1738 3393 2041 3463 exprobret
2063 3392 2343 3447 Phaedrae
2383 3392 2821 3461 (cf.Thesmoph.

529 3484 659 3537 547:
699 3486 1074 3541 Μελανίππας
1109 3484 1287 3537 ποιῶν
1323 3482 1573 3553 Φαίδρας
1618 3484 1691 3547 τε)
1730 3482 1783 3536 ei
1820 3484 2251 3537 consentaneum
2288 3485 2373 3535 est
2395 3481 2658 3537 Velatum
2694 3499 2825 3551 quo·

529 3589 638 3641 que
672 3572 842 3626 bilem
881 3572 1144 3641 movisse;
1199 3573 1370 3627 immo
1411 3589 1524 3626 non
1561 3572 1779 3639 dubitn,
1818 3573 1954 3641 quin
1993 3572 2241 3641 priorem
2279 3572 2600 3639 editionem,
2638 3572 2729 3625 cui
2764 3568 2822 3623 τὸ

527 3658 771 3729 ἀπρεπὲς
813 3664 900 3713 καὶ
939 3666 1264 3730 κατηγορίας
1308 3656 1459 3721 ἄξιον
1503 3660 1675 3714 etiam
1712 3648 2081 3715 Alexandrini
2128 3659 2350 3714 crimini
2397 3659 2695 3714 vertebant
2732 3658 2821 3728 (cf.

526 3750 664 3819 Arg.
685 3748 820 3804 Eur.
839 3748 1012 3819 Hip.)‚
1049 3753 1217 3819 poeta
1239 3750 1479 3803 comicus
1515 3750 1761 3803 maxime
1796 3748 1868 3803 ad
1904 3748 2273 3803 deridendum
2309 3748 2418 3802 sibi
2453 3746 2821 3818 proposuerit,

531 3854 657 3892 cum
693 3837 752 3892 in
789 3841 906 3892 tam
947 3856 1120 3907 parca
1143 3837 1591 3909 fragmentorum
1610 3841 1796 3908 segete
1836 3841 1989 3892 certa
2014 3837 2291 3892 irrisionis
2316 3837 2556 3907 vestigia
2591 3839 2821 3891 exstent.

533 3926 723 3982 Unum
764 3930 935 3995 atque
986 3926 1046 3980 id
1103 3945 1174 3981 ne
1210 3927 1526 3981 levissimae
1563 3926 1789 3995 quidem
1836 3926 2178 3981 dubitationi
2227 3926 2535 3980 obnoxium
2570 3924 2685 3978 Leo
2723 3924 2757 3977 1.
2794 3924 2828 3977 1.

529 4034 582 4087 p.
613 4018 715 4070 180
753 4032 832 4085 sq.
871 4016 931 4069 in
967 4016 1140 4071 Arist.
1181 4014 1344 4086 Vesp.
1385 4017 1493 4071 314
1529 4016 1914 4085 investigavit,
1956 4020 2021 4069 ut
2057 4014 2226 4069 modo
2264 4012 2517 4083 exposui.
2566 4013 2825 4067 Alterum

535 4121 773 4176 agnosco
811 4104 872 4159 in
908 4104 1131 4173 Polyidi
1168 4104 1276 4176 frg.
1315 4106 1421 4159 453
1458 4102 1551 4157 K:

1003 4190 1126 4249 ἰδοὺ
1164 4194 1366 4265 δίδωμι
1406 4187 1558 4261 τήνδ’
1598 4190 1709 4263 ἐγὼ
1749 4188 1981 4263 γυναῖκά
2020 4208 2110 4248 σοι

999 4283 1271 4351 Φαίδραν·
1311 4282 1404 4336 ἐπὶ
1442 4282 1555 4353 πῦρ
1594 4282 1657 4335 δὲ
1696 4284 1806 4351 πῦρ
1842 4281 1981 4353 ἔοιχ’
2016 4276 2159 4346 ἥξειν
2194 4273 2359 4349 ἄγων.

533 4371 606 4427 ad
647 4370 798 4442 quod
835 4370 1192 4426 scribendum
1231 4374 1458 4443 poetam
1494 4368 1683 4427 Velati
1718 4370 1828 4445 frg.
1866 4372 1971 4424 432
2008 4368 2320 4441 instigavit.
