3157 5028
1475 371 1540 422 71

354 537 512 603 libro
571 537 677 616 (X,
725 537 848 602 298
889 539 1010 621 sq.)
1067 538 1369 604 cantavit.
1475 539 1733 625 Myrrha
1788 542 2005 625 igitur,
2073 544 2173 609 cui
2237 543 2367 628 ipse
2421 544 2657 629 Cupido

353 656 462 704 sua
507 639 634 704 tela
678 639 957 704 nocuisse
1001 641 1189 722 negat
1235 659 1290 705 v.
1336 642 1456 705 311
1503 661 1597 724 sq.
1622 643 1664 725 ¹,
1731 644 1804 708 ut
1845 644 2129 710 Phaedra
2174 645 2281 722 (cf.
2317 646 2467 712 Eur.
2507 649 2655 731 Hip.

352 740 474 804 392
523 740 644 823 sq.)
687 740 864 806 foedo
909 741 1108 806 amori
1156 760 1502 824 repugnare
1544 743 1756 808 studet
1799 765 1853 810 v.
1902 747 2025 810 319
2070 765 2182 830 sq.,
2226 748 2333 812 sed
2378 767 2518 814 mox
2562 749 2651 813 in-

353 839 519 904 cesta
563 841 710 904 vota
751 841 1082 922 retractat3
1129 842 1311 907 modo
1355 843 1603 908 sceleris
1646 846 1879 927 pestem
1931 847 2077 912 ante
2124 846 2333 912 oculos
2386 850 2655 931 positam

351 942 619 1025 effugere
673 943 828 1020 vult,
891 942 1074 1007 modo
1119 943 1184 1007 in
1239 962 1308 1008 eo
1362 944 1475 1027 est,
1540 946 1614 1009 ut
1665 946 1833 1028 turpi
1879 947 2210 1029 cupiditati
2258 967 2479 1013 manus
2528 949 2652 1016 det.

349 1041 453 1108 Sic
481 1043 652 1107 inter
695 1061 867 1124 spem
908 1044 971 1107 et
996 1043 1430 1109 conscientiae
1470 1045 1785 1111 cruciatus
1829 1046 2096 1112 fluctuat
2138 1067 2337 1130 neque
2379 1049 2509 1114 ulla
2554 1069 2657 1114 ar-

348 1142 764 1226 gumentandi
829 1143 1070 1208 ratione
1136 1144 1512 1209 consistendi
1580 1145 1788 1212 locum
1850 1147 2119 1229 invenit3
2188 1148 2452 1232 denique
2504 1143 2654 1216 ‘nec

347 1243 568 1309 modus
617 1247 682 1309 et
723 1245 984 1328 requies,
1055 1244 1174 1310 nisi
1234 1264 1418 1324 morS,
1487 1247 1792 1328 reperitur
1848 1248 2101 1313 amoris.
2188 1249 2357 1314 Mors
2418 1240 2652 1332 placet'

346 1364 405 1412 v.
453 1346 577 1410 378
621 1364 711 1428 sq.
765 1345 1050 1412 Phaedra
1094 1347 1187 1412 ita
1233 1346 1420 1411 morti
1467 1345 1785 1429 praefatur
1830 1348 1976 1413 Eur.
2020 1349 2166 1432 Hip.
2212 1369 2269 1416 v.
2314 1351 2437 1415 398
2482 1369 2609 1433 sq.:

649 1491 727 1560 τὸ
773 1490 1086 1580 δεύτερον
1129 1496 1200 1562 δὲ
1243 1491 1367 1585 τὴν·
1400 1497 1627 1562 ἄνοιαν
1670 1483 1743 1563 εὖ
1788 1496 2014 1586 φέρειν

645 1600 738 1684 τῷ
776 1602 1152 1685 σωφρονεῖν
1195 1601 1447 1665 νικῶσα
1488 1595 2015 1687 προυνοησάμην.

651 1698 874 1782 τρίτον
918 1700 995 1781 δ’,
1040 1695 1268 1787 ἐπειδὴ
1314 1701 1546 1767 τοισίδ’
1595 1694 1713 1768 οὐκ
1757 1697 2062 1789 ἐξήνυτον

650 1796 920 1885 Κύπριν
963 1805 1302 1888 κρατῆσαι,
1349 1807 1707 1868 κατθανεῖν
1754 1799 1940 1884 ἔδοξέ
1980 1827 2098 1886 μοι

646 1897 993 1985 κράτιστον
1034 1940 1118 1949 -
1164 1895 1380 1981 οὔὸεἱς
1421 1893 1681 1986 ἅντερεῖ
1727 1939 1804 1950 -
1847 1897 2331 1986 βουλευμάτων.

347 2055 546 2136 Quam
617 2054 920 2120 moriendi
989 2055 1398 2138 cupiditatem
1473 2057 1691 2121 nutrix
1753 2055 2036 2138 reprimit
2104 2055 2353 2138 quidem
2416 2056 2650 2138 postea.

342 2156 527 2238 Apud
582 2155 875 2221 Ovidium
948 2175 1044 2222 res
1108 2176 1300 2240 usque
1353 2157 1434 2222 ad
1482 2157 1778 2241 laqueum
1830 2157 2003 2221 venit
2067 2176 2125 2223 v.
2184 2157 2306 2222 378
2358 2176 2481 2240 sq.;
2524 2158 2650 2224 sed

341 2257 551 2324 nutrix
595 2257 933 2322 intervenit
1005 2276 1063 2322 v.
1104 2259 1226 2322 382
1269 2277 1359 2341 sq.
1424 2293 1504 2304 —
1566 2256 2004 2323 Perattentum
2064 2258 2274 2323 autem
2341 2257 2524 2323 velim
2587 2258 2651 2322 te

339 2358 550 2422 teneat
597 2376 668 2422 ea
711 2357 894 2437 ratio,
942 2377 1066 2440 qua
1097 2359 1278 2441 poeta
1310 2359 1619 2424 nutricem
1652 2358 2014 2441 desperandi
2044 2377 2297 2424 causam
2327 2359 2390 2424 et
2420 2358 2651 2424 amoris

343 2457 781 2525 confessionem
833 2478 903 2525 ex
948 2460 1174 2543 puella,
1233 2479 1390 2544 quae
1436 2462 1510 2526 ut
1553 2459 1840 2526 Phaedra
1884 2447 2157 2525 amorem
2204 2460 2648 2544 occultaverat,

341 2561 796 2643 exsculpentem
841 2563 1160 2645 proponit3
1207 2563 1432 2645 quippe
1462 2580 1621 2645 quae
1649 2562 1983 2627 manifesto
2015 2562 2093 2626 ab
2123 2561 2421 2643 Euripide
2458 2562 2648 2626 ducta

273 2705 286 2715 -
341 2659 442 2725 sit.
532 2660 764 2725 Nutrix
817 2662 985 2727 enim
1041 2663 1241 2727 instat
1297 2662 1570 2745 puellam
1632 2681 1879 2746 rogans,
1948 2663 2021 2725 ut
2084 2661 2204 2727 sibi
2270 2661 2647 2743 committat,

343 2760 642 2843 quicquid
686 2761 894 2827 doleat
938 2782 996 2827 ν.
1043 2763 1164 2827 391
1211 2780 1323 2843 sq„
1390 2762 1497 2827 sed
1534 2761 1679 2828 ‘illa
1722 2764 2051 2845 rogantem
2097 2761 2385 2827 aversata
2421 2751 2648 2844 gemit'

340 2879 398 2925 v.
446 2861 570 2925 393
598 2879 705 2944 sq.
776 2861 880 2928 Sic
923 2863 1207 2928 Phaedra
1252 2864 1480 2929 acriter
1523 2863 1788 2929 instanti
1836 2862 2067 2927 nutrici
2111 2862 2353 2946 gemitu
2395 2862 2645 2927 tantum

283 3015 289 3024 .
339 2962 670 3043 respondet
716 2963 862 3027 Eur.
896 2964 1042 3046 Hip.
1076 2965 1228 3040 3003
1276 2957 1596 3030 Phaedrae
1638 2964 1801 3029 enim
1845 2964 2034 3029 verba
2080 2964 2259 3028 sunt:
2305 2948 2360 3026 ὦ
2402 2955 2646 3027 τάλαιν’

341 3055 485 3144 ἐγώ.
575 3062 834 3128 Ovidius
879 3065 1111 3148 pergit:
1174 3064 1376 3130 ‘certa
1439 3067 1531 3130 est
1596 3065 1911 3149 exquirere
1973 3064 2185 3128 nutrix
2250 3064 2385 3129 Nec
2448 3065 2646 3130 solam

341 3162 638 3245 spondere
681 3154 920 3230 fidem'.
1009 3164 1343 3247 Euripidea
1395 3166 1607 3231 nutrix
1662 3166 1921 3230 eandem
1965 3164 2405 3231 confidentiam
2457 3166 2646 3231 habet

340 3284 398 3331 v.
444 3266 604 3331 285:
652 3255 736 3328 ου’
780 3259 908 3350 μὴν
950 3254 1171 3353 ἀνήσω
1218 3264 1271 3349 y'
1317 3255 1470 3330 οὐδὲ
1510 3265 1621 3329 ν’ὗν
1666 3263 2072 3348 προθυμίας.
2148 3264 2306 3331 Orat
2333 3265 2447 3331 illa
2473 3265 2648 3348 puel-

341 3365 468 3431 lam
514 3385 572 3431 ν.
619 3366 744 3431 395
783 3385 905 3449 sq.:

540 3678 568 3709 ¹'
597 3676 847 3731 Additur
884 3695 938 3731 v.
977 3676 1082 3730 313
1124 3693 1236 3745 sq.:

735 3764 930 3834 stipite
965 3768 1022 3818 te
1060 3763 1254 3835 Stygio
1295 3764 1639 3834 tumidisque
1678 3765 1909 3821 adflavit
1946 3765 2196 3821 echidnis

736 3870 767 3907 e
803 3853 988 3907 tribus
1023 3871 1136 3907 una
1172 3871 1348 3909 soror.

337 3942 592 3997 Acumen
632 3941 741 3996 hoc
776 3959 908 3996 vere
944 3941 1390 3997 Alexandrinum
1429 3960 1497 3997 ex
1549 3942 1741 3996 eadem
1787 3942 2135 4013 imaginandi
2182 3942 2404 3999 ratione
2456 3945 2644 3995 ortum

336 4034 437 4097 est,
498 4047 567 4084 ex
610 4046 720 4098 qua
757 4029 961 4097 Erinys
999 4029 1236 4084 thalami
1284 4031 1561 4099 pronuba,
1618 4030 1839 4084 similia.
1914 4029 1999 4083 De
2047 4030 2249 4099 quibus
2306 4028 2376 4083 cf.
2415 4029 2643 4099 Dilthey

334 4118 372 4171 1.
406 4119 442 4173 l.
492 4135 547 4186 p.
585 4119 672 4171 91.
720 4119 867 4170 Ann.
908 4118 1039 4171 dell'
1077 4118 1214 4172 Inst.
1258 4120 1394 4173 1869
1445 4137 1500 4188 p.
1539 4121 1611 4172 24
1647 4136 1729 4188 sq.
1767 4120 1836 4171 42
1875 4136 1954 4188 sq.
2031 4118 2224 4171 Simile
2278 4117 2416 4186 quid
2466 4117 2643 4172 latere

334 4206 560 4260 videtur
594 4206 654 4259 in
692 4206 938 4260 Choricii
975 4206 1161 4260 verbis
1204 4206 1369 4261 foede
1408 4208 1685 4262 mutilatis
1726 4224 1848 4261 eam
1899 4224 2174 4275 scaenam,
2232 4207 2294 4260 in
2344 4224 2455 4275 qua
2505 4224 2644 4260 anus

333 4294 698 4364 Hippolytum
735 4294 868 4357 adit,
909 4294 1353 4349 describentibus
1393 4295 1592 4365 (Boiss.
1631 4313 1687 4365 p.
1730 4296 1883 4365 165):
1924 4289 2180 4349 Ἱππόλυτ
2218 4334 2448 4349 .....
2496 4290 2639 4365 τάχα

335 4382 582 4455 συμβολῇ
614 4376 1004 4453 συνεχόμενον,
1041 4379 1108 4436 ὃν
1145 4379 1241 4435 οὐκ
1266 4376 1452 4453 Ἔρως,
1497 4382 1571 4443 ὡς
1608 4384 1801 4448 ἔοικεν,
1841 4379 1956 4435 ἀλλ’
1991 4380 2229 4454 Ἐριννὺς
2255 4419 2435 4436 .....
