3157 5028
1460 355 1528 411 49

340 529 564 612 Neque
608 530 1012 614 neglegenda,
1078 551 1234 614 quae
1277 531 1617 596 scholiasta
1682 531 1891 596 eadem
1960 531 2286 598 verborum
2330 531 2650 598 construc-

339 631 514 694 tione
559 649 683 712 qua
726 629 1126 712 Asclepiades
1183 649 1332 696 usus
1381 631 1558 695 addit
1620 635 1703 708 (v.
1751 632 1895 710 46):
1964 628 2030 707 ἐς
2085 629 2253 714 τρίς;
2318 631 2475 714 μίαν
2527 630 2647 716 μὲν

337 722 630 818 ᾐτήσατο
673 719 982 795 ἀνελθεῖν
1031 727 1104 810 ἐξ
1129 725 1388 815 (Ἀιὸου,
1457 729 1765 815 δευτέραν
1815 729 1887 795 ἐκ
1932 730 2357 817 λαβυρίνθου,
2421 732 2646 818 τρίτην

335 839 462 895 τοῦ
482 824 881 895 Ἱππολύτου
912 835 951 896 ¹.
1014 833 1222 914 Ipsam
1270 834 1479 897 autem
1521 832 1852 916 Hippolyti
1899 833 2407 900 sollicitationem
2430 835 2643 902 Ascle-

339 933 551 1016 piades
595 933 806 1014 paucis
851 933 1149 997 absolvit:
1206 926 1302 1008 εἷς
1353 932 1674 1016 Τροιζῆνα
1717 933 1789 996 δὲ
1834 925 2110 1014 ὕστερον
2152 934 2643 1020 παραγενομένη

336 1034 449 1114 (sc.
480 1031 756 1115 Φαίδρα)
787 1031 1104 1096 διενοεῖτο
1137 1030 1407 1097 πείθειν
1433 1027 1552 1097 τὸν
1596 1030 1931 1098 νεανίσκον
1973 1027 2165 1112 ὅπως
2206 1025 2370 1122 αὐτῇ
2408 1036 2642 1122 μιγείη,

337 1133 504 1216 quod
537 1135 758 1198 notatu
790 1133 1080 1217 dignum3
1127 1136 1374 1216 quando
1421 1154 1651 1214 omneS‚
1700 1154 1854 1218 quas
1896 1137 2239 1212 recensebO,
2283 1139 2644 1202 narratiun-

337 1235 534 1314 culae,
582 1235 828 1300 etiamsi
873 1235 936 1300 in
981 1235 1296 1301 nonnullis
1327 1237 1507 1301 rebus
1537 1231 1855 1302 evidenter
1885 1239 2195 1303 servatam
2228 1238 2638 1322 Hippolytum

335 1337 720 1420 exprimunt,
797 1338 1008 1402 tamen
1081 1339 1160 1402 ab
1227 1337 1567 1402 artificiosa
1634 1338 1763 1403 eius
1827 1339 2169 1422 elegantia,
2244 1358 2368 1421 qua
2433 1339 2643 1405 nutrix

337 1437 687 1503 Phaedram
742 1438 904 1513 tecte
947 1438 1254 1503 volentem
1312 1439 1625 1503 nolentem
1680 1439 1746 1503 in
1802 1441 2132 1521 perniciem
2201 1440 2387 1523 rapit,
2446 1441 2514 1504 in
2572 1459 2641 1505 eo

335 1539 616 1602 recedere
678 1539 896 1618 solent,
966 1539 1130 1620 quod
1197 1539 1438 1604 nutrice
1505 1540 1630 1604 fere
1694 1558 1933 1623 semper
2002 1542 2229 1607 omissa
2291 1540 2638 1606 Phaedram

334 1642 538 1724 ipsam
580 1642 860 1705 iuvenem
886 1640 1215 1705 adeuntem
1262 1642 1342 1722 et,
1388 1643 1460 1704 ut
1503 1641 1623 1706 sibi
1668 1642 1763 1705 sui
1801 1642 2039 1725 copiam
2072 1642 2285 1721 faciat,
2332 1643 2637 1724 petentem

334 1742 604 1826 fingunt.
693 1743 864 1824 Quae
908 1743 1001 1808 est
1044 1743 1302 1824 simplex
1347 1743 1741 1826 genuinaque
1784 1744 1987 1828 mythi
2046 1744 2267 1823 forma,
2336 1743 2437 1808 cui
2498 1761 2639 1807 cum

334 1845 641 1910 cothurno
705 1845 956 1909 omnino
1015 1844 1167 1907 nihi]
1227 1846 1321 1908 est
1384 1863 1727 1909 commune.
1815 1846 1888 1908 In
1936 1845 2029 1909 his
2091 1864 2255 1924 vero,
2324 1865 2481 1928 quae
2536 1845 2641 1910 de·

333 1945 480 2009 inde
531 1948 902 2012 narrantur:
975 1943 1281 2026 χαλεπῶς
1327 1943 1385 2008 δ’
1431 1941 1678 2009 ἐκείνου
1723 1943 2248 2028 προςὸεξαμὲνου
2291 1941 2407 2010 τὸν
2448 1940 2642 2030 λόγον

333 2045 585 2130 λέγεται
628 2049 1049 2132 φοβηθεῖσαν
1072 2049 1098 2086 ²
1139 2035 1343 2132 αὐτὴν
1386 2037 1815 2130 ἄντιστρέψαι
1858 2041 1975 2135 τὴν
2016 2044 2229 2112 αἰτίαν
2269 2047 2405 2115 κτλ.
2456 2066 2641 2112 orna-

335 2148 617 2212 mentum
662 2167 694 2212 e
737 2147 1062 2230 tragoedia
1107 2148 1320 2211 nostra
1365 2149 1682 2214 sublatum
1730 2149 1937 2231 prodit
1982 2149 2381 2232 participium
2426 2151 2637 2235 φοβη-

333 2251 594 2313 θεῖσαν.
681 2249 933 2312 Etenim
987 2247 1194 2312 Diana
1263 2247 1338 2311 de
1399 2247 1687 2314 Phaedra
1754 2250 2130 2314 calumniam
2196 2251 2419 2315 molita
2484 2250 2641 2314 dicit

336 2370 394 2415 v.
425 2351 611 2414 1310:
660 2345 697 2436 ἦ
742 2347 796 2412 δ’
846 2343 940 2424 εἷς
987 2343 1248 2430 ἔλεγχον
1292 2341 1384 2434 μὴ
1427 2346 1600 2434 πέσῃ
1632 2349 2011 2434 φοβουμένη
2052 2348 2186 2415 κτλ.
2202 2353 2246 2430 ⁸,
2292 2370 2413 2433 quo
2458 2369 2637 2416 Versu

337 2451 764 2534 Asclepiadem
809 2451 1068 2514 abusum
1134 2469 1268 2514 esse
1325 2449 1461 2513 ideo
1509 2449 1861 2517 firmissime
1916 2470 2222 2531 assevero,
2295 2451 2441 2535 quia
2494 2451 2640 2516 reli-

331 2571 492 2636 quos
533 2552 967 2634 compilatores
1011 2552 1253 2633 praeter
1297 2551 1625 2633 prologum
1660 2552 1813 2616 item
1854 2552 1933 2617 ad
1976 2552 2180 2635 ipsum
2212 2552 2376 2617 hunc
2410 2553 2635 2631 locum,

334 2672 457 2737 quo
505 2654 708 2717 Diana
752 2671 848 2716 res
893 2654 1108 2734 paucis
1152 2652 1388 2716 revelat
1439 2653 1500 2715 et
1559 2652 2042 2736 comprehendit,
2114 2672 2179 2718 se
2234 2652 2637 2718 adstrinxisse

333 2754 746 2820 demonstrari
809 2753 1056 2835 potest„
1137 2752 1315 2833 Quod
1374 2752 1454 2817 ad
1523 2755 1861 2817 extremum
1924 2754 2000 2818 de
2052 2746 2371 2818 Phaedrae
2435 2754 2635 2818 morte

332 2855 730 2937 Asclepiades
795 2856 1038 2919 narrat:
1111 2846 1232 2938 τήν
1290 2852 1362 2917 δὲ
1419 2852 1710 2936 Φαίδραν
1774 2856 2063 2940 φανερᾶς
2123 2853 2467 2939 γενομένης
2518 2852 2637 2939 τῆς

332 2955 642 3043 διαβολῆς
671 2946 1099 3039 ἀπάγξασθαι
1135 2956 1246 3035 (sc.
1273 2948 1721 3038 ὁμολογοῦσι),
1769 2956 1833 3019 id
1858 2956 2144 3021 cothurni
2178 2958 2342 3021 certe
2371 2974 2494 3020 non
2525 2956 2637 3021 est.

331 3058 501 3121 Nam
543 3058 616 3121 ut
645 3057 721 3122 de
760 3055 958 3122 altera
991 3056 1306 3138 Euripidis
1332 3056 1617 3121 Phaedra
1648 3057 1913 3138 taceam,
1961 3056 2129 3139 prior
2173 3057 2319 3122 ante
2349 3056 2635 3136 moritur,

335 3240 732 3247 ———-——

537 3346 555 3377 ¹
594 3345 728 3399 Cod.
766 3344 843 3401 M.
882 3350 940 3399 et
973 3344 1057 3398 Fl.
1100 3347 1188 3399 15:
1236 3344 1314 3413 τῷ
1351 3338 1667 3414 Ἱππολύτῳ.
1710 3376 1776 3385 --
1814 3346 2105 3401 Excidisse
2141 3347 2367 3401 videtur
2400 3340 2637 3419 ὄλεθρον

329 3434 392 3487 in
429 3433 556 3488 fine.

535 3523 556 3555 ²
594 3528 914 3589 Βοηθεῖσαν
955 3522 1101 3591 cod.;
1139 3539 1282 3576 corr.
1305 3512 1533 3576 Barnes.
1588 3522 1879 3578 Traditam
1906 3524 2204 3579 lectionem
2227 3524 2489 3579 Welcker
2514 3524 2635 3593 (1.1.

331 3629 386 3681 p.
425 3611 558 3679 395)
590 3609 860 3665 defendit.
916 3610 1026 3665 Sed
1062 3611 1320 3665 insolitae
1357 3611 1570 3665 formae
1609 3628 1681 3665 ne
1718 3617 1881 3681 aptus
1922 3612 2148 3681 quidem
2190 3630 2379 3667 sensus
2417 3612 2633 3681 subest;

332 3699 401 3754 cf.
439 3700 619 3753 Hiller
655 3700 698 3754 1.,
730 3700 766 3753 l.
805 3718 861 3771 p.
903 3702 987 3754 36.
1271 3747 1291 3764 κ

532 3786 554 3819 ³
592 3787 758 3841 Prior
774 3787 1066 3857 Euripidis
1087 3787 1350 3841 Phaedra
1378 3818 1445 3839 —.
1471 3806 1603 3841 nam
1639 3788 1709 3843 de
1747 3788 2019 3859 Sophocle
2056 3806 2171 3843 non
2212 3788 2448 3859 amplius
2484 3788 2633 3860 cogi·

331 3875 478 3931 tabis
518 3906 584 3915 -
623 3894 736 3930 una
760 3876 1065 3931 ulciscendi
1102 3876 1413 3945 cupiditate
1450 3877 1648 3931 debuit
1685 3878 1811 3947 rapi
1850 3878 1939 3946 (cf.
1960 3876 2220 3933 Welcker
2256 3877 2291 3931 1.
2323 3878 2360 3931 1.
2398 3895 2454 3946 p.
2488 3878 2632 3946 478).

330 3964 528 4032 Altera
563 3964 766 4019 misere
802 3968 967 4018 nutat
1003 3965 1151 4018 inter
1189 3964 1438 4019 diversos
1477 3966 1729 4035 affectuS,
1783 3966 1843 4019 in
1890 3984 2000 4035 qua
2056 3984 2117 4020 re
2155 3966 2505 4020 incommoda
2550 3983 2633 4020 re·

329 4052 706 4115 tractationiS,
763 4069 907 4120 quae
942 4053 1283 4122 pudentibus
1322 4054 1520 4108 animis
1561 4055 1921 4109 satisfactura
1976 4060 2123 4123 erat,
2174 4055 2275 4109 sub
2315 4056 2507 4109 oculos
2544 4072 2633 4109 ca-

330 4140 488 4194 dunt.
561 4141 734 4195 Modo
781 4142 930 4195 enim
966 4142 1276 4197 liberorum
1313 4144 1631 4197 rationibus
1667 4144 1987 4212 prospicere
2024 4143 2149 4213 vult
2184 4161 2237 4197 v.
2277 4143 2401 4211 717,
2463 4142 2631 4196 modo

333 4235 557 4283 veretur
593 4230 654 4283 in
691 4234 1046 4299 conspectum
1081 4230 1281 4284 Thesei
1317 4232 1528 4285 reverti
1552 4251 1606 4287 v.
1635 4233 1741 4285 719
1766 4250 1867 4301 sq„
1906 4232 2073 4287 modo
2097 4249 2151 4286 v.
2173 4233 2280 4285 728
2306 4249 2387 4301 sq.
2480 4230 2633 4298 Quae

330 4317 518 4371 omnia
553 4317 736 4372 Diana
779 4323 974 4388 postea
1017 4318 1177 4373 flocci
1228 4317 1366 4373 facit
1403 4322 1460 4372 et
1497 4320 1805 4387 mulierem,
1864 4329 2006 4389 quae
2056 4320 2237 4374 multa
2273 4324 2397 4374 erat
2433 4320 2493 4372 in
2533 4319 2629 4371 ho-

331 4406 600 4463 norificae
638 4408 835 4463 mortis
874 4407 1137 4477 consiliis,
1174 4408 1317 4461 meri
1355 4407 1573 4462 timoris
1612 4408 1886 4478 coarguit·

1722 4508 1729 4514 ·
2198 4497 2231 4545 4
