3157 5028
1497 359 1564 412 89

378 550 624 596 summa
687 549 830 596 cum
886 533 1086 615 specie
1151 531 1280 598 veri
1343 531 1578 616 Helbig
1642 531 1870 599 statuit
1899 535 1938 598 ¹.
2032 531 2219 598 Nunc
2284 532 2533 598 demum
2598 529 2678 596 ad

379 634 636 698 chorum
681 633 1086 718 Euripideum
1136 637 1512 718 praevortar,
1583 635 1799 719 utpote
1843 635 1949 719 qui
1996 633 2073 700 ad
2130 634 2396 699 similem
2441 633 2679 716 cogita-

374 735 612 801 tionem
657 733 732 800 de
777 735 986 801 furore
1030 755 1067 801 a
1112 735 1410 802 daemone
1453 737 1666 820 aliquo
1710 736 2031 801 Phaedrae
2081 735 2307 800 iniecto
2352 734 2680 800 deducitur

371 853 431 900 v.
462 836 579 900 141
607 855 728 919 sq.:
773 831 852 900 σύ
887 832 1010 920 γάρ
1045 832 1300 926 ἔνθεος,
1343 822 1398 900 ὦ
1422 831 1644 921 κούρα,
1684 839 1693 919 Ι
1732 829 1847 901 εἴτ’
1880 834 1951 900 ἐκ
1978 829 2201 914 Πανὸς
2230 828 2365 900 εἴθ’
2393 832 2681 918 ἙκάταςΙ

271 958 279 970 ··
375 929 418 1024 ἢ
478 938 735 1018 σεμνῶν
785 931 1225 1020 Κορυβάντων
1283 945 1292 1014 Ι
1352 941 1630 1028 φοιτᾷςει
1699 937 1808 1003 καὶ
1869 933 2121 1022 ματρὸς
2182 929 2419 1022 ὀρείας,
2487 956 2677 1021 quam

379 1039 593 1105 Ovidii
637 1038 922 1104 Phaedra
967 1039 1060 1104 ita
1105 1040 1351 1124 effingit
1396 1041 1542 1106 Her.
1590 1041 1697 1120 IV,
1746 1042 1826 1105 47
1872 1035 1993 1125 sqq:

680 1160 844 1205 nunc
888 1140 1069 1220 feror,
1115 1143 1187 1206 ut
1230 1143 1465 1208 Bacchi
1510 1142 1691 1214 furiis
1740 1142 2039 1208 Eleleides
2086 1141 2281 1221 actae,

781 1261 1058 1326 quaeque
1103 1244 1218 1308 sub
1261 1243 1448 1310 Idaeo
1491 1244 1791 1328 tympana
1837 1243 1993 1310 colle
2036 1243 2318 1319 movent3

679 1344 792 1410 aut
837 1363 992 1428 quas
1037 1343 1342 1409 semideae
1388 1344 1669 1428 Dryades
1712 1345 2036 1427 Faunique
2078 1345 2357 1409 bicornes

782 1444 1036 1511 numine
1083 1447 1402 1511 contactas
1445 1446 1769 1512 attonuere
1808 1463 1941 1512 suo.

379 1548 514 1630 Qua
569 1547 980 1612 similitudine
1030 1546 1334 1612 iudicium
1381 1547 1456 1612 de
1503 1546 1820 1630 Euripidis
1875 1545 2251 1613 auctoritate
2305 1545 2486 1611 modo
2546 1543 2679 1610 fac-

379 1650 516 1714 tum
582 1649 923 1715 stabilitur.
1009 1649 1084 1714 In
1133 1647 1262 1712 Ciri
1318 1649 1528 1714 autem
1581 1649 1772 1714 etiam
1822 1649 1979 1714 illud
2039 1648 2241 1714 simile
2298 1667 2367 1712 ex
2409 1647 2679 1730 Magnae

377 1749 602 1816 Matris
625 1749 924 1832 religione
951 1749 1288 1814 deductum
1333 1749 1671 1829 invenitur,
1722 1751 1796 1814 ut
1840 1749 2022 1816 modo
2067 1748 2213 1826 dixi,
2259 1749 2423 1832 quod
2454 1767 2491 1813 a
2521 1747 2678 1812 Ver-

374 1851 528 1935 gilio
575 1850 755 1936 (Aen.
782 1851 892 1930 IV,
937 1853 1060 1916 300
1087 1852 1224 1933 311),
1272 1851 1372 1916 0111
1411 1851 1569 1916 illud
1613 1849 1991 1917 ‘bacchatur
2034 1852 2097 1915 in
2145 1851 2322 1916 urbe'
2354 1846 2502 1927 (Cir.
2532 1847 2676 1928 167)

377 1952 584 2018 deberi
628 1952 893 2030 videtur,
938 1952 1318 2017 translatum
1362 1971 1491 2018 esse
1536 1953 1770 2035 nequit.
1823 1989 1894 1998 ·—-
1931 1951 2130 2034 Atqui
2174 1951 2515 2016 cavendum
2560 1949 2677 2013 hoc

375 2053 531 2132 loco,
582 2072 658 2118 ne
701 2053 779 2117 ad
822 2052 1219 2135 praecipitem
1266 2053 1725 2118 conclusionem
1756 2053 2157 2136 abripiamur.
2232 2053 2400 2119 Nam
2430 2050 2677 2118 etiamsi

379 2154 693 2236 Euripidis
737 2155 1080 2220 auctoritas
1123 2173 1559 2238 saepenumero
1605 2158 1907 2238 tanquam
1945 2156 2277 2239 perluceat,
2320 2157 2530 2220 tamen
2573 2153 2677 2218 vix

375 2276 569 2321 unum
617 2257 838 2322 horum
884 2258 1412 2338 ornamentorum,
1479 2277 1639 2341 quae
1691 2257 1874 2323 modo
1930 2257 2141 2341 attigi,
2202 2255 2505 2322 eiusmodi
2562 2255 2674 2332 est,

379 2361 451 2423 ut
495 2378 565 2422 ex
607 2360 742 2441 ipsa
780 2359 1106 2443 tragoedia
1152 2358 1323 2424 nullo
1355 2360 1607 2425 auctore
1637 2359 2053 2424 intercedente
2084 2357 2515 2441 depromptum
2546 2372 2675 2420 esse

377 2458 696 2537 videatur;
739 2461 932 2526 immo
978 2479 1122 2526 vero
1165 2459 1232 2525 in
1278 2461 1374 2526 his
1419 2461 1796 2527 ereticorum
1828 2461 2200 2543 scriptorum
2233 2458 2675 2542 proprietatem

371 2561 507 2627 11110
549 2580 881 2645 agnoscere
927 2561 1210 2627 solemus.
1272 2561 1496 2645 Itaque
1521 2562 1791 2643 simplici
1839 2580 1967 2640 nec,
2008 2562 2062 2626 si
2111 2560 2260 2644 quid
2305 2560 2503 2639 video,
2552 2559 2674 2623 im-

374 2663 679 2745 probabili
737 2664 1216 2729 ratiocinatione
1271 2682 1340 2729 eo
1396 2663 1811 2747 perducimur,
1880 2664 1953 2727 ut
2012 2663 2240 2727 iterum
2319 2660 2671 2725 statuamus

374 2762 827 2828 Alexandrinos
867 2763 1188 2829 Phaedrae
1231 2783 1504 2830 amorem
1552 2766 1827 2829 carmine
1876 2765 2230 2838 celebrasse,
2297 2760 2462 2844 quod
2510 2760 2673 2847 Qiris

375 2863 739 2947 exemplaris
783 2864 1026 2936 auctori
1072 2867 1133 2930 et
1175 2866 1364 2931 simul
1410 2884 1551 2930 cum
1598 2864 1889 2947 Euripide
1934 2864 2217 2943 Senecae,
2286 2862 2360 2928 de
2401 2881 2524 2945 (1110
2570 2882 2675 2927 ac-

375 2964 652 3030 curatius
677 2966 743 3031 in
759 2965 889 3032 fine
911 2985 1229 3050 exponam,
1274 2967 1438 3033 inter
1464 2986 1685 3033 manus
1728 2966 1982 3032 11101113.
2012 3002 2085 3011 —-
2106 2965 2435 3048 Exemplar
2463 2964 2671 3029 autem

575 3157 594 3189 ¹
635 3154 968 3211 Untersuch.
1009 3156 1100 3209 iib.
1137 3156 1190 3209 d.
1227 3154 1414 3225 Camp.
1446 3155 1765 3210 Wandmal.
1794 3173 1849 3225 p.
1876 3154 1993 3209 119.
2058 3154 2317 3209 Ceterum
2343 3152 2415 3209 cf.
2443 3152 2675 3222 Dilthey

375 3243 482 3299 Rh.
520 3243 660 3299 Mus.
700 3244 858 3299 XXV
892 3262 947 3314 p.
988 3247 1106 3300 153.
1158 3274 1225 3285 -
1268 3245 1432 3314 Cave,
1469 3262 1541 3299 ne
1577 3245 1809 3299 haereas
1847 3245 1907 3299 in
1942 3244 2145 3299 Catull.
2180 3243 2376 3313 LXIV,
2413 3244 2484 3297 60
2507 3261 2615 3313 sq.:

674 3352 836 3404 quem
877 3335 1075 3403 procul
1113 3352 1182 3389 ex
1219 3334 1349 3405 alga
1384 3334 1611 3389 maestis
1648 3334 1853 3388 Minois
1890 3334 2078 3389 ocellis

671 3440 838 3476 saxea
875 3413 941 3477 111Ι
983 3422 1196 3493 effigies
1231 3422 1552 3477 bacchantis
1590 3422 1865 3492 prospicit
1901 3422 2096 3489 euhoe,

374 3528 484 3579 quo
522 3512 645 3566 loco
682 3510 820 3566 duas
860 3511 1234 3582 cogitationes
1274 3512 1334 3565 in
1371 3530 1541 3566 unam
1577 3512 1847 3567 conflatas
1884 3529 2003 3567 esse
2038 3512 2202 3567 docet
2236 3509 2490 3578 Ovidius,
2516 3509 2670 3565 0111113

369 3599 624 3655 Ariadna
660 3600 857 3655 scribit
893 3600 1021 3655 Her.
1061 3600 1128 3666 X,
1167 3602 1238 3654 47
1275 3618 1380 3669 sq.:

669 3693 770 3744 aut
809 3707 911 3760 ego
950 3688 1166 3743 diffusis
1205 3688 1392 3744 erravi
1429 3689 1547 3743 sola
1586 3688 1825 3759 capillis,

768 3779 948 3849 qualis
985 3780 1055 3834 ab
1093 3778 1308 3850 Ogygio
1346 3780 1566 3835 concita
1599 3779 1820 3834 Baccha
1856 3779 1990 3847 de03

669 3872 768 3922 aut
803 3885 958 3923 mare
993 3867 1341 3937 prospiciens
1379 3868 1438 3921 in
1475 3886 1609 3923 saxo
1648 3866 1860 3938 frigida
1896 3866 2033 3935 sedi,

768 3974 1044 4026 quamque
1081 3957 1228 4026 lapis
1265 3957 1439 4025 sedes,
1477 3961 1596 4012 tam
1631 3957 1777 4026 lapis
1816 3956 1940 4025 ipsa
1976 3954 2077 4009 fui.

572 4046 594 4077 ²
629 4046 863 4115 Hesych.
904 4046 1098 4116 φοιτᾷ·
1136 4051 1407 4117 μαίνεται.

572 4136 594 4168 3
633 4136 710 4191 Ut
735 4134 808 4189 ad
835 4134 1024 4189 Ovidii
1063 4136 1361 4204 epistulam
1398 4153 1527 4190 raro
1564 4135 1955 4191 tantummodo
1994 4135 2255 4205 delegare
2290 4150 2523 4203 possem,
2560 4130 2669 4186 hoc

370 4222 585 4279 factum
608 4229 704 4279 est
740 4224 1014 4295 singulari
1054 4224 1325 4294 epistulae
1362 4225 1617 4294 materia,
1656 4226 1715 4278 in
1754 4242 1864 4293 qua
1900 4223 2282 4293 componenda
2318 4227 2508 4277 tamen
2537 4222 2667 4288 Ale-

379 4311 658 4367 xandrina
685 4314 1029 4382 exemplaria
1049 4332 1160 4369 non
1197 4314 1380 4369 minus
1416 4314 1682 4370 arcessita
1719 4331 1836 4369 esse
1868 4331 1995 4369 cum
2032 4313 2296 4381 indicavi,
2331 4316 2453 4366 tum·
2478 4314 2674 4379 postea

366 4398 637 4469 probabo,
