3157 5028
1638 347 1708 404 64

525 511 724 580 κακὸν
770 515 1250 599 προελθοῦσαν
1270 520 1308 583 ¹.
1417 518 1775 585 Admodum
1830 520 2121 586 credibile
2176 521 2269 586 est
2340 540 2531 586 unum
2591 521 2690 587 vel
2732 523 2825 588 al-

520 618 725 683 terum
769 619 990 684 horum
1035 619 1411 702 scriptorum
1443 619 1651 684 eodem
1688 621 1891 701 mod0,
1940 640 2061 705 quo
2088 621 2365 705 Ovidius,
2411 623 2677 706 Byblida
2720 643 2823 706 per

523 719 856 801 epistulam
903 720 1104 785 celata
1143 720 1447 786 desideria
1492 720 1795 786 fatentem
1840 722 2112 798 finxisse3
2158 743 2316 806 quae
2346 725 2508 788 certe
2536 725 2631 788 est
2660 724 2824 790 vitae

522 822 585 886 et
630 821 1060 885 consuetudini
1115 822 1586 889 accommodata
1640 823 1803 887 ratio
1862 823 2129 888 adeundi
2190 825 2255 887 in
2315 825 2550 890 incesto
2617 845 2823 890 amore

522 922 782 986 nutricis
813 922 1094 1004 partibus
1125 922 1386 986 omissis.
1461 921 1582 986 Sed
1614 923 1881 987 alterum
1915 925 2153 988 certum
2183 925 2589 990 Alexandrini
2626 945 2823 990 exem-

523 1023 714 1106 plaris
758 1022 1079 1100 indicium,
1144 1023 1216 1086 ut
1261 1023 1525 1088 Knaack
1568 1023 1613 1089 l.
1659 1023 1698 1088 1.
1744 1024 2051 1106 probavit,
2098 1027 2315 1109 exstat,
2383 1025 2434 1090 si
2483 1026 2703 1110 Byblis
2746 1028 2822 1092 ad

519 1123 684 1188 Iovis
728 1122 1104 1204 Iunonisque
1154 1123 1626 1188 matrimonium
1679 1125 1995 1207 provocat,
2050 1145 2171 1208 quo
2219 1125 2526 1190 incestum
2581 1129 2821 1192 excuset

521 1246 575 1290 v.
618 1225 742 1288 497
780 1243 903 1306 sq.;
974 1243 1115 1288 cum
1160 1223 1421 1289 Nounus
1483 1224 1767 1309 (Dionys,
1819 1226 1995 1304 XIII,
2055 1229 2178 1292 550
2218 1229 2339 1310 sq.)
2404 1229 2616 1293 narret
2662 1227 2821 1294 Cau-

521 1345 669 1390 num
704 1324 1002 1407 Byblidos
1046 1343 1254 1389 amore
1299 1325 1671 1408 flagrantem
1720 1328 1833 1391 hoc
1876 1328 2220 1410 exemplum
2249 1329 2553 1396 laudasse.
2643 1331 2819 1412 Quod

519 1427 584 1491 in
628 1427 824 1508 ipsam
870 1426 1032 1490 hanc
1074 1426 1351 1491 fabulam
1398 1428 1645 1509 egregie
1688 1429 1999 1510 quadrare
2044 1429 2106 1493 in
2154 1430 2363 1512 aprico
2408 1433 2528 1513 est3
2605 1453 2824 1515 quam-

521 1528 751 1606 obrem,
812 1527 862 1591 si
909 1527 1118 1592 eodem
1153 1527 1363 1593 Ovidii
1407 1514 1705 1594 Phaedra‘
1740 1529 1941 1594 utitur
1983 1551 2045 1595 v.
2096 1533 2214 1595 133
2244 1551 2353 1614 sq.,
2402 1534 2824 1616 unusquisque

521 1648 762 1694 mecum
807 1629 1131 1693 concludet
1174 1630 1291 1694 hoc
1332 1632 1764 1695 ornamentum
1812 1650 1881 1695 ex
1915 1632 2212 1715 Byblidos
2256 1633 2470 1698 fabula
2512 1633 2593 1699 ad
2624 1634 2824 1698 Phae-

520 1731 698 1795 dram
743 1730 1122 1796 translatum
1165 1749 1310 1796 esse.
1377 1731 1729 1796 Potuerunt
1772 1732 1899 1797 alia
1943 1734 2259 1815 praeterea
2301 1735 2659 1810 transferri3
2720 1735 2823 1800 sed

521 1831 776 1895 interim
820 1832 1083 1914 certiora
1127 1851 1479 1914 sequamur.
1538 1833 1823 1897 Vidimus
1856 1833 2201 1900 Ovidianae
2229 1835 2480 1919 Byblidi
2510 1836 2575 1899 in
2606 1837 2823 1900 multis

520 1932 703 1999 rebus
745 1933 1070 1997 convenire
1115 1951 1256 1996 cum
1300 1935 1563 2017 tragicis
1596 1926 1921 2009 Phaedris3
1968 1935 2238 2000 vidimus
2282 1937 2532 2019 insuper
2576 1938 2821 2019 poetam

521 2034 892 2115 Romanum,
937 2035 1009 2096 ut
1038 2034 1211 2112 solet,
1261 2035 1829 2100 Alexandrinorum
1860 2036 2139 2118 vestigiis
2168 2037 2509 2116 insistere2,
2557 2056 2820 2120 quorum

524 2127 587 2198 οὶ
632 2131 901 2210 πλείους
946 2134 1214 2217 Byblida
1258 2135 1475 2200 incesti
1535 2135 1825 2200 desiderii
1887 2137 2266 2201 cruciatibus
2315 2137 2395 2202 ad
2447 2137 2823 2219 desperatio-

525 2255 663 2299 nem
688 2253 882 2316 usque
911 2235 1060 2318 angi
1095 2235 1426 2314 faciebant,
1464 2237 1628 2318 quod
1661 2237 1978 2318 probabile
1997 2239 2099 2302 est
2128 2238 2467 2302 secundum
2498 2238 2820 2302 Parthenii

522 2337 709 2401 verba
756 2329 853 2412 εἰς
895 2337 1028 2398 πᾶν
1069 2331 1268 2399 κακὼ·
1309 2336 1863 2420 nonasterium-⁹³3
1929 2339 1995 2402 in
2042 2358 2165 2421 qua
2210 2339 2593 2411 diversorum
2640 2339 2822 2404 affec-

521 2437 702 2500 tuum
769 2437 1228 2502 conflictatione
1293 2438 1683 2523 depingenda
1750 2440 1811 2503 et
1873 2439 2197 2522 Euripides
2262 2440 2325 2504 et
2378 2439 2637 2506 Ovidius
2703 2440 2819 2504 im-

521 2540 873 2604 morantur:
962 2539 1109 2618 iam,
1173 2558 1312 2604 cum
1372 2541 1574 2604 omnis
1630 2560 1787 2625 quae
1844 2542 2008 2605 inter
2068 2543 2315 2623 poetam
2360 2542 2715 2607 Romanum
2760 2543 2821 2606 et

522 2642 834 2723 tragicum
901 2640 1248 2706 intercedat
1310 2641 1656 2706 similitudo
1714 2641 2049 2707 admodum
2119 2643 2382 2707 evanida
2446 2642 2820 2725 minimeque

521 2742 822 2807 eiusmodi
865 2741 968 2819 sit,
1034 2743 1105 2806 ut
1149 2742 1448 2824 sequatur
1494 2742 1591 2807 illi
1631 2743 1796 2831 bunc
1841 2742 2004 2807 inter
2060 2762 2282 2808 manus
2338 2743 2545 2822 fuisse,
2619 2762 2820 2808 nonne

522 2844 918 2908 verisimilius
959 2843 1052 2907 est
1095 2844 1223 2907 iam
1255 2843 1705 2908 Alexandrinos
1749 2844 1960 2925 poetas
2006 2844 2385 2924 carminibus
2414 2844 2542 2908 suis
2572 2844 2815 2907 Musam

518 2944 916 3026 Euripideam
979 2942 1296 3024 adspirare
1349 2944 1647 3009 iussisse?
1735 2944 1912 3024 Quod
1976 2945 2081 3009 ubi
2142 2944 2374 3009 similia
2429 2944 2492 3007 in
2541 2944 2684 3009 aliis
2728 2944 2821 3008 fa-

517 3045 682 3111 bulis
730 3044 1026 3109 accidisse
1067 3044 1447 3126 cognoveris,
1495 3045 1685 3109 etiam
1726 3044 2135 3109 confidentius
2190 3045 2343 3109 mihi
2393 3045 2697 3127 largieris,
2742 3079 2820 3089 —

518 3146 780 3211 Interim
823 3146 988 3209 hunc
1031 3145 1239 3209 locum
1284 3146 1496 3228 aliqua
1541 3165 1611 3210 ex
1655 3148 1833 3227 parte
1862 3165 2154 3211 exornare
2182 3146 2348 3211 licet.
2413 3145 2821 3210 Heliodorum

519 3248 680 3312 enim
725 3247 790 3309 in
834 3246 1160 3311 historiola
1205 3245 1279 3311 de
1324 3245 1634 3311 Cnemone
1678 3248 1739 3311 et
1781 3247 2162 3313 Demaeneta
2194 3246 2515 3329 (Aethiop.
2549 3246 2597 3323 I,
2641 3236 2820 3327 9sq.)

520 3348 848 3431 Hippolyti
893 3347 1172 3411 fabulam
1225 3348 1560 3429 exprimere
1611 3346 1803 3430 ipsius
1866 3348 2052 3413 verba
2102 3346 2386 3412 indicant
2454 3346 2559 3425 (cf.
2606 3346 2820 3410 Rohde

519 3450 560 3514 l.
605 3449 648 3513 l.
715 3468 771 3531 p.
815 3449 960 3514 458.
1007 3449 1104 3531 5.).
1196 3448 1316 3514 Sed
1377 3448 1681 3530 speciosos
1741 3449 2073 3513 nonnullos
2132 3448 2196 3511 in
2256 3448 2666 3529 descriptione
2724 3447 2820 3510 in·

723 3684 741 3715 ¹
784 3683 1016 3739 Knaack
1053 3683 1089 3737 l.
1127 3683 1165 3735 1.
1203 3700 1259 3751 p.
1297 3684 1366 3735 62
1404 3700 1484 3751 sq.
1539 3682 1755 3751 primus
1802 3682 1876 3736 ad
1919 3681 2063 3736 hanc
2111 3682 2538 3737 similitudinem
2576 3684 2819 3737 animum

521 3773 770 3828 advertit
823 3773 988 3826 nimis
1042 3770 1340 3825 artificiose
1376 3771 1602 3840 quidem
1639 3789 1831 3825 versus
1868 3773 1967 3826 Ov.
2010 3774 2108 3823 511
2151 3789 2251 3839 sq„
2309 3772 2378 3825 de
2416 3772 2617 3840 quibus
2654 3788 2821 3841 supra

519 3861 821 3931 disputavi,
863 3861 1281 3929 interpretatus.
1385 3860 1389 3865 ”

722 3951 744 3982 ²
779 3950 965 4017 Ipsam
995 3949 1292 4009 rationem,
1336 3965 1447 4017 qua
1487 3947 1719 4003 Ovidius
1759 3948 2009 4002 fabulam
2048 3953 2302 4018 exornat,
2341 3948 2539 4017 utique
2578 3950 2818 4003 Alexan-

518 4038 740 4093 drinam
777 4042 954 4093 artem
994 4038 1208 4106 spirare
1253 4038 1364 4091 alio
1403 4037 1525 4091 loco
1564 4037 1976 4091 demonstrabO.

721 4128 743 4160 ³
780 4127 1038 4182 Eroticos
1085 4127 1387 4195 scriptores
1437 4126 1536 4179 hos
1586 4115 1758 4179 animi
1806 4126 2048 4180 amantis
2104 4126 2382 4181 cruciatus
2437 4127 2819 4181 lubentissime

520 4216 824 4287 depingere
881 4220 1078 4285 postea
1133 4215 1390 4270 elucebit.
1487 4215 1869 4284 Paraphrasta
1926 4220 2254 4270 ornamenta
2306 4215 2534 4284 recidit3
2598 4214 2819 4285 quando

507 4305 638 4373 'ipse
689 4305 749 4357 in
793 4304 1081 4374 prooemio
1131 4305 1266 4358 satis
1314 4304 1523 4358 diserte
1571 4308 1815 4358 testatur
1865 4302 1927 4357 τὸ
1964 4300 2045 4375 μὴ
2082 4310 2331 4375 παρεῖναι
2375 4300 2436 4357 τὸ
2474 4299 2729 4375 περιττόν
2764 4304 2821 4369 in

520 4393 788 4461 exemplis
824 4392 1190 4462 proferendis.
