3157 5028
1587 339 1691 392 120

481 512 682 577 herois
732 512 1252 594 pulchritudinem
1310 511 1402 578 ita
1455 511 1842 594 amplificata
1898 512 2091 576 fuisse
2145 512 2407 595 videtur,
2476 511 2546 576 ut
2601 512 2782 594 prata

479 615 780 696 tanquam
826 615 1123 678 maeroris
1165 615 1310 680 tabe
1371 613 1651 678 confecta
1707 631 2080 678 marcescere
2132 613 2511 688 dicerentur;
2568 611 2781 694 qualia

481 714 698 778 Bionis
765 714 1105 796 discipulus
1172 714 1343 780 canit
1405 715 1637 780 Mosch.
1704 714 1796 778 Id.
1861 714 1982 794 III,
2049 715 2127 778 31
2194 733 2314 795 sq.:
2389 712 2485 798 σῷ
2552 712 2610 777 δ’
2676 709 2785 776 ἐπ’,

481 811 743 898 ὀλέθρῳ
803 812 812 896 Ι
872 811 1138 894 δένδρεα
1201 811 1458 894 καρπὸν
1526 809 1743 896 ἔριψε,
1825 810 1906 876 τὰ
1965 813 2020 877 δ’
2090 802 2301 878 &iva-sa
2373 806 2559 876 πάντ’
2630 809 2785 894 ἐμα-

481 908 694 998 ράνθη
710 913 750 979 ¹.
817 913 1107 997 Sophista
1153 914 1398 997 quidem
1435 934 1472 980 a
1517 913 1869 993 Toelkenio,
1918 915 2027 998 qui
2070 915 2220 980 huic
2264 915 2399 980 loco
2441 913 2783 980 marcentia

480 1016 663 1093 serta,
721 1033 880 1096 quae
924 1015 1097 1096 pueri
1143 1014 1450 1097 capitibus
1509 1015 1864 1091 detrahant,
1918 1015 2238 1090 subiecit2‚
2284 1014 2515 1080 discere
2558 1014 2783 1096 potuit,

482 1136 606 1198 qua
650 1116 774 1180 fere
817 1115 1059 1179 ratione
1111 1115 1545 1180 commenticia
1592 1116 1802 1198 imago
1848 1115 2121 1198 perfecta
2169 1117 2545 1182 redderetur.
2617 1114 2785 1179 Nam

484 1216 623 1298 quis
666 1215 775 1293 est,
840 1215 991 1297 quin
1035 1215 1364 1298 intellegat
1407 1215 1773 1298 sophistam,
1844 1233 1987 1280 cum
2030 1235 2321 1298 personas
2366 1216 2645 1300 fingeret,
2688 1215 2787 1279 in-

483 1317 618 1398 epte
650 1335 922 1380 servasse
967 1316 1332 1396 exemplaris
1377 1317 1636 1381 verbum
1678 1313 2061 1398 μαραίνεινὶ)
2127 1317 2314 1382 Actio
2346 1316 2729 1382 desideratur
2743 1317 2785 1380 ⁸.

483 1415 841 1480 Mirandum
887 1415 1103 1500 igitur,
1151 1416 1314 1498 quod
1345 1416 1462 1480 hae
1505 1416 1775 1498 ineptiae
1819 1417 1971 1480 viris
2022 1416 2221 1482 doctis
2265 1403 2783 1500 unquam‘fucum

481 1517 680 1581 facere
710 1518 1046 1598 potuerunt
1061 1519 1107 1581 ⁴.
1139 1553 1196 1560 -
1233 1516 1777 1583 Accommodatior
1805 1536 2065 1600 sequens
2092 1518 2303 1601 imago
2336 1518 2531 1582 videri
2564 1517 2787 1600 possit:

483 1617 732 1702 νύμφαι
809 1639 880 1681 τε
954 1610 1021 1680 αἱ
1085 1616 1196 1682 σαὶ
1267 1615 1511 1704 τροφοὶ
1575 1616 1855 1682 τουτωνὶ
1920 1620 2054 1682 τῶν
2112 1621 2338 1703 πηγῶν
2395 1609 2789 1698 α’νασχοῦσαι

485 1719 938 1803 σπαράττουσι
983 1714 1100 1797 τὰς
1142 1715 1350 1802 κόμας
1380 1709 1876 1802 οἷποβλύζουσαι
1905 1721 2039 1802 τῷν
2067 1719 2291 1802 μαζῶν
2322 1713 2519 1801 ὕδωρ,
2568 1737 2789 1802 quam-

484 1839 674 1903 quam
727 1820 1128 1901 profluentem
1202 1821 1299 1886 vel
1364 1821 1801 1886 demanantem
1872 1822 2142 1887 fontium
2214 1839 2443 1903 aquam
2515 1818 2787 1901 ineptius

483 1939 672 2003 quam
737 1920 1087 2004 elegantius
1151 1920 1259 1986 ille
1323 1923 1720 2004 excogitavit.
1821 1923 2083 2005 Legerat
2136 1921 2399 1987 fortasse
2446 1919 2787 2003 Hippolyto

483 2024 647 2086 inter
701 2024 997 2086 venatum
1059 2022 1259 2087 fontes
1328 2024 1708 2106 nymphasve
1770 2024 2066 2107 frigidam
2132 2043 2359 2106 aquam
2414 2021 2786 2105 praebuisse,

483 2123 645 2186 unde
695 2123 1000 2204 nymphae
1051 2115 1118 2185 αἱ
1162 2121 1271 2187 σαὶ
1314 2122 1601 2210 τροφοί15
1658 2124 1963 2207 originem
2018 2124 2361 2199 duxerunt3
2433 2141 2591 2207 quae
2653 2133 2788 2185 am-

488 2225 670 2306 plius,
727 2224 798 2288 ut
849 2222 1177 2306 affingeret
1228 2245 1534 2290 mammas
1591 2224 1938 2290 nutrientes
1991 2227 2054 2290 et
2106 2243 2337 2307 aquam
2387 2221 2785 2300 effundentes,

485 2344 620 2388 eum
677 2325 1076 2407 impulerunt.
1166 2325 1298 2390 Has
1353 2325 1603 2407 quidem
1660 2327 1941 2408 argutias
1988 2326 2066 2391 ad
2125 2323 2604 2408 significandum
2649 2323 2785 2386 luc-

483 2427 619 2490 tum
683 2445 905 2508 parum
943 2427 1141 2508 ,aptas
1205 2444 1333 2496 esse
1394 2444 1516 2490 non
1572 2426 1780 2491 sensit.
1886 2427 1976 2492 At
2046 2427 2117 2490 ut
2184 2427 2349 2491 recte
2404 2424 2587 2490 modo
2641 2440 2789 2487 con-

486 2527 739 2593 clusisse
793 2548 890 2593 me
948 2528 1182 2608 credaS,
1253 2526 1514 2594 Ovidius
1568 2528 1757 2593 fidem
1814 2527 2073 2611 obligat,
2138 2528 2312 2593 cuius
2358 2526 2641 2591 Phaedra
2694 2526 2787 2590 ita

485 2629 705 2694 scribit
750 2649 806 2695 v.
862 2630 1012 2694 173:

787 2730 875 2795 sic
918 2731 1036 2795 tibi
1079 2730 1233 2795 dant
1278 2730 1602 2813 nymphae,
1646 2729 1935 2812 quamvis
1984 2727 2185 2793 odisse
2227 2728 2467 2809 puellas

885 2830 1124 2911 diceris,
1174 2831 1448 2895 arentem
1496 2824 1655 2913 quae
1697 2830 1863 2894 levet
1906 2829 2073 2894 unda
2117 2828 2318 2893 sitim!

692 3037 709 3067 ¹
753 3033 832 3088 Cf.
871 3034 1042 3087 Anth.
1085 3033 1201 3087 Pal.
1242 3033 1305 3102 V,
1349 3037 1468 3088 144.
1517 3053 1569 3089 v.
1613 3036 1672 3088 5:
1750 3028 2025 3107 λειμῶνες,
2078 3039 2135 3087 τί
2183 3028 2391 3105 μάταια
2447 3025 2647 3103 κόμαις
2697 3033 2785 3086 ἔπι

491 3118 702 3193 φαιδρὰ
739 3122 963 3192 γελᾶτε;
1003 3121 1210 3191 Helbig
1247 3122 1353 3176 Rh.
1391 3123 1532 3175 Mus.
1573 3122 1758 3177 XXIV
1796 3140 1851 3192 p.
1887 3124 2008 3176 510.

693 3213 714 3244 2
755 3210 938 3266 Ueber
976 3211 1029 3265 d.
1064 3210 1451 3266 Unterschied.
1493 3212 1546 3265 d.
1588 3212 1766 3265 antik.
1804 3230 1857 3265 u.
1893 3212 2144 3266 modern.
2183 3211 2416 3266 Malerei
2453 3229 2505 3280 p.
2551 3214 2629 3264 13.

685 3300 707 3331 ³
744 3300 1038 3353 Praecedit
1077 3299 1453 3354 intolerabilis
1512 3301 1723 3371 imago:
1791 3304 2018 3353 σκοπιαὶ
2061 3300 2173 3372 μὲν
2217 3297 2325 3370 γὰρ
2372 3285 2543 3367 αὗται,
2593 3299 2664 3351 δι’
2713 3282 2791 3351 ὧν

487 3382 691 3457 ἐθήρας
725 3383 1124 3459 ξὺνᾍρτέμιδι,
1165 3382 1494 3459 δρύπτονται
1513 3386 1609 3447 τὰς
1644 3386 1872 3460 παρειὰς
1896 3390 1958 3443 ἐν
1983 3389 2110 3443 εἴδει
2140 3390 2429 3458 γυναικῶν.
2478 3387 2586 3455 Qui
2606 3388 2789 3441 luctus

489 3482 678 3546 gestus
719 3477 1136 3532 Alexandrinae
1180 3495 1245 3531 ac
1280 3477 1584 3532 recentiori
1620 3479 1776 3547 poesi
1813 3483 2011 3548 utpote
2058 3480 2242 3533 minus
2287 3478 2611 3539 moderatae
2660 3493 2789 3530 con·

491 3566 734 3631 veniens,
773 3567 845 3619 ab
881 3568 1243 3635 antiquorum
1281 3567 1564 3636 pictorum
1602 3567 1964 3636 simplicitate
1998 3567 2370 3622 alienissimus
2416 3569 2517 3620 est.

689 3657 711 3687 ⁴
749 3654 897 3709 Huic
933 3656 1187 3724 exemplo
1224 3673 1449 3725 possum
1487 3656 1601 3709 alia
1636 3656 1843 3711 similia
1886 3657 2203 3726 adstruere;
2263 3656 2358 3710 sed
2409 3654 2539 3708 nolo
2595 3654 2789 3707 immo·

486 3742 736 3796 deratius
801 3744 1046 3813 evagari.
1149 3742 1408 3797 Ceterum
1463 3742 1705 3797 fictionis
1765 3744 1853 3798 via
1911 3763 1977 3799 ac
2034 3745 2251 3799 ratione
2306 3744 2529 3797 detecta
2582 3758 2786 3811 susque

487 3830 665 3898 deque
703 3830 1024 3885 habendum
1064 3835 1164 3899 est,
1200 3836 1392 3885 utrum
1429 3833 1570 3885 talia
1609 3832 1680 3887 ab
1721 3832 2028 3887 artificibus
2065 3834 2355 3903 potuerint
2379 3828 2789 3902 repraesentari

487 3935 675 3972 necne.
754 3918 1124 3984 Friederichs,
1179 3919 1275 3987 qui
1311 3937 1692 3990 praepropere
1728 3922 1882 3990 prati
1918 3920 2158 3991 figuram
2197 3922 2421 3975 omnino
2459 3920 2788 3973 condemna·

489 4007 575 4059 vit
612 4006 689 4073 (d.
730 4006 992 4061 Philostr.
1032 4008 1179 4062 Bild.
1217 4026 1272 4077 p.
1312 4008 1422 4076 99),
1460 4008 1583 4063 iure
1620 4009 1870 4064 Brunnio
1907 4011 2079 4065 bilem
2126 4010 2306 4063 movit
2344 4008 2554 4079 (Fleck.
2592 4006 2786 4061 Jahrb.

489 4094 681 4164 Suppl.
709 4096 802 4163 IV,
837 4098 972 4149 1861
1012 4115 1066 4165 p.
1094 4097 1234 4166 289).
1310 4096 1418 4151 Sed
1457 4097 1527 4152 cf.
1565 4097 1773 4169 Helbig
1799 4099 1833 4153 l.
1866 4100 1901 4153 1.
1939 4118 1993 4169 p.
2034 4101 2155 4153 511.
2230 4099 2380 4152 Matz
2417 4096 2487 4152 de
2523 4096 2787 4150 Philostr.

487 4183 545 4236 in
585 4183 822 4238 describ.
863 4185 1030 4255 imag.
1064 4184 1175 4239 fide
1211 4202 1266 4255 p.
1310 4187 1359 4240 2.
1396 4188 1465 4239 76
1497 4203 1577 4254 sq.

687 4274 710 4303 ⁶
748 4272 892 4327 Cave
931 4292 1002 4328 ne
1037 4274 1124 4327 his
1161 4274 1368 4342 verbis,
1427 4275 1632 4344 quibus
1672 4274 1924 4343 sophista
1958 4279 2234 4329 remotum
2276 4274 2501 4344 aliquod
2537 4264 2787 4345 μυθολό-

481 4378 636 4429 γημα
675 4361 886 4415 iactare
921 4362 1165 4431 videtur,
1205 4363 1465 4417 altiorem
1502 4380 1726 4417 sensum
1765 4363 2024 4417 subicias.
