3157 5028
1507 359 1541 412 9

371 531 572 612 igitur
614 548 683 594 eo
732 530 1057 612 praecipue
1101 531 1374 612 ternpore
1418 531 1679 594 fortasse
1722 529 1905 594 huius
1948 530 2289 596 sacerdotis
2332 531 2395 596 et
2425 529 2671 596 Sabazii

375 632 810 715 mysteriorum
857 631 1232 698 auctoritate
1278 631 1542 698 Athenis
1598 651 1731 697 mos
1784 631 2160 715 philtrorum
2216 631 2670 697 miscendorum

374 751 450 797 ne
481 732 688 798 dicam
731 734 904 798 ortus
948 752 1093 812 esse,
1139 734 1244 800 sed
1287 734 1625 799 effloruisse
1664 736 1727 799 et
1770 734 2139 814 invaluisse3
2206 733 2432 816 quibus
2493 732 2671 797 rebus

375 833 736 915 Euripidem
779 835 1161 900 commotum
1207 855 1351 918 esse,
1392 836 1465 899 ut
1508 835 1861 900 Phaedram
1903 837 1970 899 in
2015 835 2215 918 priore
2258 835 2472 900 fabula
2500 833 2674 916 cupi-

375 934 594 998 ditatis
636 935 960 1000 lasciviam
1015 937 1272 1000 minime
1329 937 1838 1018 comprimentem
1904 935 2417 1005 fascinationibus
2464 933 2673 999 indul-

374 1042 621 1119 gentem
662 1037 896 1115 fecerit,
956 1055 1149 1119 prona
1195 1037 1460 1119 suspicio
1504 1039 1613 1102 est.
1704 1037 1775 1102 In
1840 1057 1963 1120 qua
2019 1037 2485 1119 acquiescerem,
2552 1034 2674 1099 nisi

376 1137 456 1201 ab
499 1155 624 1202 una
664 1137 912 1219 quidem
957 1140 1132 1219 parte
1175 1138 1299 1202 levi
1344 1138 1725 1204 dubitationi
1771 1139 2033 1204 obnoxia
2074 1139 2251 1202 esset.
2338 1137 2427 1202 Ut
2468 1136 2673 1202 brevis

375 1237 511 1316 sim,
573 1237 706 1302 fieri
748 1239 973 1319 potuit,
1033 1241 1104 1302 ut
1147 1238 1466 1321 Sophoclis
1511 1241 1859 1306 auctoritas
1944 1239 2011 1304 in
2044 1241 2188 1304 nhac
2244 1257 2311 1303 re
2366 1256 2485 1302 non
2541 1237 2674 1301 sine

376 1339 688 1404 momento
755 1341 945 1416 esset3
1026 1339 1132 1405 ille
1196 1340 1358 1404 enim
1425 1340 1491 1403 in
1555 1341 1905 1406 Trachiniis
1973 1360 2030 1406 v.
2086 1340 2212 1404 584
2279 1358 2369 1421 sq.
2433 1338 2673 1420 primus

377 1440 674 1519 omnium,
749 1444 1054 1523 quantum
1123 1442 1318 1524 vide0‚
1393 1441 1627 1522 philtra
1690 1442 1815 1508 alia
1879 1441 1992 1507 illa
2062 1441 2309 1524 quidem
2372 1440 2616 1504 exhibet
2638 1441 2673 1521 ¹,

375 1542 600 1624 quibus
665 1542 957 1608 Deianira
1030 1543 1360 1610 Herculem
1427 1543 1697 1608 delenire
1762 1544 1989 1609 studet.
2109 1543 2250 1608 Iure
2318 1541 2528 1607 autem
2594 1540 2675 1605 ad

376 1642 741 1708 Trachinias
801 1645 1121 1726 provocari
1175 1646 1394 1726 potest,
1462 1645 1767 1728 siquidem
1814 1647 1879 1709 in
1924 1645 2265 1728 Hippolyto
2312 1642 2670 1708 Coronifero

375 1745 541 1809 certe
594 1763 716 1809 non
758 1745 999 1823 desunt,
1062 1747 1286 1829 quibus
1335 1746 1661 1828 Euripides
1706 1765 1769 1811 se
1813 1729 2226 1829 spectatorem
2280 1748 2342 1811 et
2397 1743 2674 1808 aemula-

374 1845 572 1910 torem
619 1845 990 1927 Sophocleae
1034 1846 1282 1912 fabulae
1324 1850 1615 1929 praestet.
1697 1847 1872 1929 Quod
1916 1847 2125 1929 paullo
2172 1845 2525 1912 accuratius
2572 1863 2673 1909 ex-

375 1965 596 2027 ponere
637 1965 787 2029 opus
831 1951 942 2012 est.

576 2049 650 2112 In
695 2047 816 2113 fine
856 2048 1055 2132 igitur
1099 2051 1424 2133 utriusque
1477 2051 1725 2117 fabulae
1768 2051 1948 2116 heros
1996 2050 2353 2116 vulneratus
2397 2047 2463 2111 in
2504 2065 2675 2111 scae-

378 2168 525 2213 nam
569 2149 901 2214 adducitur
945 2151 1390 2216 lamentatione
1435 2171 1509 2218 ac
1551 2153 1851 2234 plangore
1894 2169 2028 2216 eam
2076 2149 2441 2232 complensss.
2544 2146 2673 2212 Ad-

381 2248 670 2315 hortatur
734 2250 1012 2332 comiteS,
1066 2271 1141 2316 ne
1199 2253 1450 2317 incaute
1505 2271 1580 2318 ac
1635 2253 1863 2317 temere
1924 2253 2198 2316 lacerato
2245 2268 2496 2333 corpore
2537 2267 2675 2330 pre-

378 2349 697 2416 hendendo
742 2351 1015 2417 dolorem
1066 2354 1332 2418 excitent
1385 2354 1482 2432 (E.
1551 2355 1711 2419 1358
1772 2352 1850 2417 cf.
1908 2372 1964 2417 v,
2015 2353 2193 2429 1361,
2255 2351 2316 2416 S.
2367 2351 2527 2415 1007
2582 2367 2673 2431 sq.

383 2451 588 2531 1025).
689 2452 932 2520 Interea
1001 2453 1232 2519 flebiles
1299 2457 1552 2539 questus
1613 2455 1689 2521 de
1743 2456 1871 2521 acri
1930 2453 2162 2520 doloris
2218 2469 2427 2517 morsu
2482 2450 2675 2514 edunt

379 2553 478 2631 (Ε.
529 2556 710 2635 1371,
757 2554 819 2620 8.
848 2555 990 2621 987.
1041 2557 1234 2636 1010)
1278 2576 1477 2638 neque
1520 2558 1826 2621 omittunt
1868 2556 2149 2638 iniquam
2194 2554 2511 2619 fortunam
2560 2552 2673 2616 cri-

377 2654 624 2735 minari,
671 2656 835 2737 quod
877 2657 1155 2721 omnium
1201 2656 1320 2721 sibi
1364 2658 1674 2722 virtutum
1696 2656 2263 2739 propugnatoribus
2307 2654 2441 2719 tarn
2485 2652 2677 2717 lucti-

377 2754 559 2821 ficam
605 2757 842 2822 cladem
887 2757 1117 2824 inferat
1161 2760 1258 2839 (E.
1289 2761 1451 2824 1364
1493 2778 1583 2842 sq.
1635 2760 1816 2836 1383,
1849 2756 1911 2825 S.
1939 2758 2101 2823 1089
2131 2754 2273 2841 sq.),
2302 2792 2386 2801 —
2412 2756 2674 2821 Utrum-

379 2858 625 2939 quein
700 2860 919 2925 acerbo
985 2860 1268 2926 dolorum
1335 2861 1615 2926 cruciatu
1681 2862 1946 2926 mortem
2010 2860 2171 2925 votis
2232 2858 2518 2940 exoptare
2569 2856 2673 2936 (Ε.

383 2959 546 3024 1372
587 2978 678 3042 sq.
731 2960 889 3024 1387
938 2980 1050 3043 sq.,
1097 2960 1161 3025 S.
1197 2963 1358 3027 1005
1406 2980 1496 3044 sq.
1540 2963 1702 3027 1040
1746 2980 1837 3044 sq.
1887 2963 2047 3027 1085
2093 2964 2233 3045 sq.),
2278 2960 2394 3025 hoc
2425 2957 2674 3041 quidem

379 3059 522 3125 nolo
582 3078 884 3141 premere;
941 3063 1158 3126 contra
1215 3063 1612 3144 premendum
1676 3080 1889 3127 censeo
1941 3080 2124 3126 usum
2178 3060 2448 3125 eiusdem
2502 3057 2674 3123 verbi

377 3153 663 3241 εὐνάζειν
715 3160 812 3239 (Ε.
879 3162 1058 3239 1376,
1119 3161 1181 3227 S.
1246 3163 1426 3227 1005.
1487 3164 1668 3229 1006.
1719 3163 1912 3239 1042)
1973 3180 2170 3244 neque
2222 3180 2344 3226 non
2401 3158 2674 3226 eiusdem

374 3260 670 3343 imaginis
715 3262 790 3327 de
832 3261 1042 3328 dolore
1083 3263 1420 3328 saliente
1467 3265 1562 3343 (Ε.
1611 3265 1770 3328 1351
1808 3282 1922 3346 sq.‚
1967 3261 2029 3327 S.
2080 3262 2238 3326 1027
2284 3264 2424 3344 sq.),
2470 3259 2676 3343 quali·

377 3362 491 3426 bus
537 3362 821 3428 minutiis
863 3384 986 3429 non
1029 3384 1168 3429 raro
1214 3364 1561 3431 aemulator
1602 3364 1902 3447 proditur.
1944 3399 2020 3409 -
2068 3361 2337 3443 Gravius
2378 3362 2460 3439 id,
2511 3360 2672 3443 quod

379 3464 440 3527 et
486 3464 784 3529 Hercules
829 3466 890 3528 et
934 3464 1306 3549 Hippolytus
1373 3469 1637 3530 mortem
1698 3466 1999 3529 comitum
2054 3464 2341 3528 manibus
2396 3462 2516 3526 sibi
2577 3462 2675 3524 in-

379 3563 694 3629 ferendam
743 3567 1035 3649 exoptant
1078 3566 1174 3647 (E.
1228 3568 1388 3631 1374
1433 3586 1521 3649 sq.
1571 3566 1633 3632 S.
1681 3567 1842 3631 1010
1885 3585 1975 3648 sq.
2025 3566 2183 3649 1031
2231 3564 2388 3646 sq.);
2433 3562 2507 3626 de
2551 3579 2673 3643 qua

378 3684 444 3730 re
495 3682 636 3730 cum
681 3667 980 3732 Hercules
1024 3686 1166 3732 vere
1219 3667 1670 3750 grandiloquus
1731 3666 2043 3750 ampullas
2104 3666 2166 3730 et
2223 3662 2673 3747 sesquipedalia

581 3957 600 3988 ¹
642 3956 917 4010 Pindarus
939 3956 1102 4025 Pyth.
1127 3957 1222 4025 IV,
1247 3959 1349 4009 213
1378 3956 1524 4028 (380)
1553 3975 1634 4025 sq.
1658 3958 1873 4026 philtra
1897 3974 2012 4011 non
2038 3958 2453 4011 commemorat.
2502 3952 2676 4008 Novit

379 4044 790 4099 incantationes
831 4050 887 4099 et
922 4046 1214 4100 rhombum
1251 4064 1346 4101 seu
1387 4046 1639 4116 iyngem3
1704 4047 1855 4115 apud
1893 4047 2200 4101 Homerum
2239 4048 2296 4099 et
2333 4044 2471 4098 alios
2508 4042 2673 4096 huius

380 4133 469 4187 rei
501 4134 955 4188 commemoratio
994 4136 1218 4188 omnino
1260 4134 1416 4188 deest
1453 4134 1546 4202 (cf.
1586 4134 1938 4190 Hirschfeld:
1987 4134 2056 4189 de
2093 4135 2297 4189 incant.
2336 4136 2394 4187 et
2429 4132 2671 4188 devinct.

385 4225 618 4275 amator.
656 4223 806 4291 apud
845 4223 1032 4278 Graec.
1074 4224 1406 4291 Romanosq.
1444 4241 1498 4292 p.
1534 4224 1607 4289 6).
1644 4280 1647 4283 ,

585 4312 606 4343 ²
643 4311 872 4366 Perleve
910 4312 968 4366 id
993 4312 1308 4379 discrimen,
1347 4312 1500 4381 quod
1527 4312 1795 4366 Hercules
1820 4316 2101 4381 portatur,
2140 4310 2477 4384 Hippolytus
2509 4305 2673 4365 initio

381 4398 612 4470 quidem
649 4400 741 4469 (cf.
780 4418 829 4457 v,
873 4403 1022 4456 1342.
1065 4401 1224 4473 1354)
1263 4402 1560 4457 comitibus
1600 4401 1813 4455 innisus
1850 4402 2092 4456 ducitur.
