3157 5028
1594 350 1666 402 38

695 517 814 585 Sed
861 517 1134 584 Graecae
1175 516 1538 600 tragoediae
1583 534 1705 581 non
1752 515 1986 580 sufficit
2027 516 2249 580 mortis
2293 515 2426 580 sola
2468 515 2793 598 praefatio,

495 619 715 684 nuntio
789 619 864 683 de
925 619 1176 700 peracta
1255 620 1458 682 morte
1527 635 1681 698 opus
1754 617 1873 690 est;
1962 635 2153 700 quam
2224 617 2597 681 sententiam
2672 617 2795 681 duo

495 720 864 802 sarcophagi
909 719 1154 801 egregie
1197 717 1586 795 confirmant,
1642 717 1720 781 ad
1766 735 1919 800 quos
1984 717 2215 782 idcirco
2290 718 2404 781 hoc
2467 718 2603 783 loco
2648 716 2796 782 dili-

495 822 743 906 gentius
789 821 1068 885 animum
1113 819 1434 883 advertere
1479 817 1689 882 debeo,
1794 818 2002 896 Alter,
2069 817 2177 900 qui
2222 817 2483 883 Parisiis
2526 819 2726 883 exstat
2756 820 2797 899 ¹,

493 922 559 986 in
603 921 858 985 sinistra
903 921 964 984 et
1006 919 1210 984 media
1252 918 1429 1000 parte
1469 918 1630 983 nihil
1674 919 1939 995 exhibet,
1987 919 2150 1000 quod
2176 937 2233 982 -a
2277 917 2595 982 tralaticia
2642 918 2795 982 alio-

494 1041 633 1086 rum
676 1020 1201 1103 sarcophagorum
1245 1019 1810 1101 repraesentatione
1851 1018 2159 1095 deflectat,
2198 1018 2459 1100 ideoque
2487 1018 2589 1082 hic
2618 1037 2797 1082 accu-

493 1124 636 1188 rata
705 1121 1050 1204 figurarum
1122 1119 1533 1201 descriptione
1599 1119 1979 1200 supersedeo.
2066 1119 2231 1183 Nam
2299 1118 2431 1182 illic
2496 1117 2796 1202 Phaedra,

498 1223 672 1287 cuius
715 1222 975 1305 genibus
1023 1222 1216 1285 Amor
1258 1239 1322 1284 se
1363 1220 1655 1302 applicat,
1724 1219 2029 1302 languida
2068 1219 2133 1282 in
2178 1219 2331 1284 sella
2394 1221 2653 1285 recubat
2718 1222 2796 1286 ab

496 1322 867 1388 ancillarum
914 1324 1092 1387 coetu
1137 1321 1564 1395 circumdata3
1623 1320 1725 1385 hic
1767 1321 1978 1384 nutrix
2022 1319 2434 1404 Hippolytum
2479 1322 2631 1398 adit,
2674 1341 2795 1386 ser-

498 1442 611 1489 vus
653 1423 719 1487 in
761 1423 1041 1503 dextram
1086 1422 1484 1504 progrediens
1529 1421 1857 1504 Hippolyti
1908 1440 2134 1504 equum
2180 1420 2374 1486 ducit.
2449 1423 2566 1488 Sed
2612 1442 2797 1505 prope

495 1545 741 1591 servum
805 1527 870 1590 in
937 1525 1151 1590 dextra
1217 1525 1394 1608 parte
1461 1543 1640 1589 senex
1705 1525 2005 1590 barbatus
2075 1525 2473 1607 conspicitur,
2540 1524 2797 1589 indutus

495 1627 688 1709 pallio
718 1627 970 1691 sinistro
1000 1612 1212 1691 umero
1257 1628 1318 1691 et
1361 1625 1487 1690 imo
1521 1626 1762 1708 corpori
1794 1626 2281 1701 circumvolut03
2316 1626 2592 1690 dextram
2624 1625 2799 1689 effert

496 1730 642 1794 ante
684 1729 898 1810 pectus
935 1727 1198 1792 extensis
1243 1727 1477 1806 digitis,
1547 1727 1655 1808 qui
1705 1727 2039 1808 praefracti
2084 1728 2250 1808 sunt,
2317 1727 2503 1791 simul
2548 1745 2611 1790 se
2654 1744 2796 1790 con-

495 1829 740 1892 vertens
783 1827 860 1892 ad
905 1827 1232 1906 feminam,
1290 1845 1428 1892 cum
1491 1846 1615 1908 qua
1658 1828 1885 1891 acriter
1928 1828 2185 1910 loquens
2226 1827 2293 1891 in
2338 1827 2617 1891 dextram
2660 1844 2797 1908 pro·

453 1977 460 1984 .
497 1927 798 2011 greditur.
845 1927 968 1992 Illa
997 1927 1220 1992 induta
1264 1928 1358 1992 est
1401 1929 1615 1992 tunica
1660 1928 1977 1992 succincta
2020 1928 2089 1991 in·
2128 1927 2408 1991 dextrum
2427 1924 2798 1991 bracchium

497 2027 800 2093 defluente
849 2029 911 2094 et
973 2029 1228 2110 amictu,
1296 2047 1480 2111 quem
1545 2027 1760 2093 dextra
1825 2027 2088 2110 prendit,
2150 2030 2485 2110 praeterea,
2552 2027 2617 2090 ni
2679 2025 2801 2090 fal-

497 2127 612 2214 lor,
655 2128 876 2210 soleis;
921 2129 1120 2194 crines
1163 2129 1424 2194 reticulo
1469 2127 1723 2210 religati
1767 2146 1897 2194 esse
1938 2127 2247 2192 videntur.
2354 2125 2622 2192 Sinistra
2653 2127 2801 2190 ante

498 2232 712 2312 pectus
757 2227 923 2294 elata
966 2230 1290 2311 puerulum
1339 2231 1569 2312 portat,
1616 2229 1722 2310 qui
1767 2227 2049 2292 dextram
2094 2227 2174 2294 ad
2218 2228 2483 2293 feminae
2518 2229 2797 2292 mentum

504 2331 790 2414 porrigit,
853 2329 1106 2396 sinistra
1180 2330 1450 2396 fructum
1526 2331 1697 2394 tenet
1721 2331 1775 2405 ²3
1846 2329 2077 2394 femina
2132 2331 2344 2394 autem
2398 2331 2563 2394 retro
2608 2328 2800 2393 vertit

497 2435 687 2513 caput
729 2431 809 2496 ad
854 2451 1057 2496 senem
1104 2432 1291 2497 simul
1335 2431 1755 2514 progrediens.
1844 2431 2123 2513 Denique
2166 2431 2233 2494 in
2270 2434 2541 2495 extrema
2583 2429 2799 2494 dextra

495 2532 771 2615 imagine
815 2531 986 2597 sedet
1035 2533 1112 2599 ad
1162 2533 1480 2597 sinistram
1531 2533 1599 2596 in
1649 2532 1831 2609 sella,
1906 2551 2064 2615 quas
2119 2532 2299 2615 podio
2352 2531 2648 2613 imposita
2706 2532 2800 2597 est

499 2633 560 2696 et
607 2632 781 2696 cuius
824 2632 1004 2714 pedes
1061 2633 1127 2697 in
1181 2633 1377 2698 leonis
1425 2651 1665 2715 ungues
1708 2632 1962 2697 formati
2006 2635 2172 2711 sunt,
2216 2632 2313 2695 vir
2356 2631 2655 2696 barbatus
2701 2650 2800 2695 so-

495 2732 628 2809 1010,
672 2734 907 2812 tunica,
951 2736 1104 2817 toga
1147 2735 1404 2800 indutus
1448 2736 1703 2800 sinistro
1749 2753 1960 2799 umero
2004 2736 2065 2798 et
2108 2734 2233 2798 imo
2265 2734 2505 2815 corpori
2534 2734 2800 2798 circum-

471 2835 733 2911 ·voluta,
801 2836 1117 2899 sinistram
1163 2836 1350 2899 sellae
1392 2836 1733 2917 imponenS,
1790 2835 2005 2899 dextra
2058 2834 2136 2899 ad
2183 2836 2461 2898 mentum
2528 2833 2799 2898 admota.

497 2933 728 3016 Aperte
770 2936 978 2999 autem
1041 2936 1352 2999 attentum
1413 2954 1478 2999 se
1533 2934 1787 3018 praebet
1837 2935 2186 2999 auditorem
2230 2934 2461 3016 iuveni,
2506 2934 2615 3017 qui
2661 2952 2803 2999 exo-

497 3034 664 3099 mide
707 3036 770 3099 et
813 3036 1246 3101 calceamentis
1301 3037 1561 3103 indutus
1616 3038 1763 3103 ante
1806 3057 1942 3102 eum
1992 3056 2179 3119 prope
2222 3037 2434 3101 adstat
2479 3040 2541 3102 et
2586 3038 2642 3102 ei
2687 3037 2801 3103 ali-

498 3136 648 3219 quid
695 3154 947 3201 narrare
993 3137 1266 3213 videtur;
1336 3137 1602 3203 feminae
1669 3137 1851 3203 modo
1895 3138 2240 3221 descriptae
2288 3140 2538 3221 tergum
2584 3139 2803 3205 obver-

496 3238 652 3321 tenS,
697 3236 930 3315 dextra,
977 3238 1150 3302 cuius
1179 3238 1302 3303 duo
1337 3240 1567 3303 extensi
1600 3239 1789 3323 digiti
1832 3240 2165 3321 praefracti
2210 3244 2375 3324 sunt,
2421 3242 2607 3315 elata,
2652 3240 2804 3305 sini-

499 3338 630 3403 stra
675 3342 748 3403 ut
790 3338 1037 3403 videtur
1104 3340 1324 3404 bae-ulo
1365 3339 1627 3406 innisus.
1697 3374 1775 3385 —-
1846 3340 2027 3404 Alter
2078 3342 2501 3423 sarcophagus
2551 3342 2807 3406 effossus

501 3438 766 3504 Salonas
805 3459 970 3505 nunc
1014 3439 1283 3523 Spalatii
1336 3443 1694 3506 asservatur
1741 3441 1939 3505 multo
1987 3440 2095 3505 ille
2138 3442 2461 3507 deterioris
2505 3442 2733 3507 laboris
2756 3445 2801 3505 ³.

705 3668 724 3701 ¹
760 3668 1038 3737 Repertus
1075 3672 1162 3723 est
1197 3669 1364 3723 simul
1399 3686 1528 3723 cum
1549 3668 1785 3738 pulchro
1812 3668 2176 3737 sarcophagO,
2216 3668 2313 3735 qui
2340 3685 2489 3722 nunc
2511 3668 2804 3736 Petropoli

499 3761 836 3824 asservatur,
871 3774 1048 3826 prope
1073 3758 1243 3811 limen
1281 3763 1464 3811 terrae
1487 3755 1773 3811 Toscanae
1809 3757 1869 3809 in
1906 3756 2049 3810 cella
2088 3755 2403 3824 sepulcrali.
2446 3755 2528 3810 Cf.
2558 3756 2623 3809 H.
2650 3756 2806 3809 Hink

497 3842 647 3896 Mon.
688 3844 821 3898 dell’
858 3844 992 3899 Inst.
1029 3845 1176 3912 VIII,
1217 3848 1301 3899 38.
1345 3849 1389 3899 1.
1430 3846 1635 3899 Annal.
1675 3844 1807 3898 dell’
1844 3844 1981 3898 Inst.
2034 3844 2164 3896 1867
2205 3860 2259 3913 p.
2310 3846 2405 3899 109
2446 3861 2526 3912 sq.
2606 3844 2803 3897 Brunn

497 3930 729 3985 Bullett.
766 3931 894 3985 dell'
933 3933 1068 3988 Inst.
1116 3935 1247 3986 1853
1287 3950 1341 4001 p.
1382 3926 1534 3986 10ss
1575 3932 1756 3987 Conze
1793 3931 2113 4002 Vorlegebl.
2154 3931 2269 3985 Ser.
2308 3932 2371 3986 V.
2409 3932 2469 3985 Τ.
2513 3933 2637 4001 XII,
2677 3934 2727 3985 2.

701 4021 722 4053 ²
758 4019 1030 4075 Fructum
1067 4022 1217 4075 hunc
1255 4038 1372 4076 esse
1409 4020 1621 4089 Brunn,
1662 4022 1759 4089 qui
1795 4022 1915 4089 ipse
1954 4020 2362 4089 sarcophagum
2386 4022 2549 4089 vidit,
2584 4038 2805 4075 mecum

503 4109 953 4163 communicavit.
1320 4111 1327 4116 ’

700 4198 722 4229 ⁸
764 4196 846 4251 cf.
885 4198 1078 4257 Come,
1117 4197 1347 4252 Liitzow
1373 4198 1642 4251 Zeitschr.
1679 4197 1717 4250 f.
1743 4197 1990 4252 bildend.
2021 4197 2207 4251 Kunst
2231 4197 2351 4251 VII.
2388 4198 2521 4252 1872
2556 4217 2611 4268 Ρ.
2632 4201 2701 4253 65
2720 4217 2800 4267 sq.

496 4303 552 4354 p.
591 4286 696 4339 259
735 4304 814 4355 sq.
897 4286 1196 4340 Romisohe
1243 4284 1559 4339 Bildwerke
1607 4285 1989 4340 einheir‘nisch.
2036 4285 2321 4339 Fundorts
2368 4286 2429 4338 in
2477 4285 2718 4339 Oesterr.
2762 4285 2803 4338 1.

501 4390 555 4441 p.
599 4376 624 4425 1
677 4390 759 4441 sq.
798 4372 862 4427 T.
915 4378 961 4427 1.
1010 4373 1341 4441 (Denkschr.
1394 4373 1449 4427 d.
1496 4373 1636 4427 kais.
1688 4373 1869 4427 Akad.
1926 4373 2027 4428 der
2074 4372 2405 4427 Wissensch.
2459 4372 2625 4428 Wien
2675 4372 2809 4427 1873
