3157 5028
1469 347 1623 400 2¹7.

361 517 794 600 Conspicimus
837 519 1044 601 potius
1077 519 1489 603 Hippolytum
1535 521 1680 584 ante
1723 519 1964 584 Dianae
2006 519 2410 586 simulacrum
2453 519 2654 584 liban-

356 620 485 684 tem
509 622 558 698 ¹,
638 620 710 683 ut
781 619 906 684 fere
985 639 1216 704 pronus
1281 621 1398 686 sim
1459 621 1522 685 in
1586 640 1723 686 eam
1792 621 2165 686 sententiam
2229 619 2654 686 Philemonem

354 719 476 800 frg.
523 721 604 784 63
651 719 761 800 (Μ.
807 721 918 799 1V,
964 723 1103 798 21):

723 809 1027 906 ’Ἀρτεμι,
1070 821 1230 910 φίλη
1274 821 1609 902 δέσποινα,
1656 817 1898 888 τοῦτόν
1940 844 2047 887 σοι
2092 819 2298 909 φέρω,

742 947 794 986 ω
839 923 1071 1002 πότνι’,
1115 915 1522 1010 ἀμφιφῶντα
1563 922 1672 988 καὶ
1714 919 2006 1011 σπονδὴν
2046 917 2182 1006 ἅμα

357 1043 484 1089 11011
536 1024 668 1088 tam
724 1025 1102 1090 retractatae
1146 1025 1396 1090 fabulae
1449 1045 1508 1090 v.
1555 1026 1636 1090 73
1676 1044 1791 1109 sq„
1857 1045 2046 1109 quam
2106 1023 2374 1090 similem
2430 1025 2654 1108 prioris

356 1143 644 1190 scaenam
689 1125 834 1190 ante
879 1126 1088 1190 0011103
1132 1126 1438 1192 habuisse.

556 1225 898 1308 Hymnum,
943 1245 1127 1309 quem
1169 1226 1424 1292 comites
1468 1228 1839 1294 adhortante
1870 1227 2211 1310 Hippolyto
2253 1226 2321 1291 in
2360 1226 2653 1291 honorem

359 1328 598 1393 Dianae
657 1327 909 1404 canunt,
974 1329 1107 1393 tam
1163 1328 1484 1412 egregium
1549 1328 1889 1394 artificium
1947 1328 2041 1392 est
2091 1327 2170 1393 ad
2223 1327 2653 1394 adornandum

359 1431 549 1512 atque
624 1428 1078 1494 instituendum
1160 1428 1400 1508 odium,
1488 1430 1652 1512 quod
1708 1430 1915 1494 Venus
1980 1428 2046 1494 in
2105 1429 2349 1493 heroem
2416 1427 2657 1492 Dianae

355 1531 642 1596 amatum
711 1530 1009 1610 concepit,
1099 1531 1172 1596 ut
1240 1549 1536 1611 gravarer
1606 1531 1735 1596 eius
1810 1530 1992 1596 laude
2042 1529 2265 1594 Velato
2333 1527 2654 1611 derogata.

356 1629 638 1708 Accedit,
706 1628 870 1712 quod
916 1628 1148 1694 Seneca
1196 1631 1354 1696 hanc
1397 1649 1688 1697 scaenam
1753 1632 1820 1696 in
1867 1650 2047 1695 suum
2098 1649 2281 1695 usum
2326 1630 2653 1713 convertit,

356 1749 659 1796 exornans
703 1730 952 1814 quidem
997 1730 1175 1798 illam
1220 1751 1342 1814 qua
1385 1733 1544 1798 solet
1585 1732 1857 1812 licentia,
1915 1734 1990 1796 ut
2032 1732 2271 1797 tumide
2299 1731 2653 1798 doctrinam

349 1832 420 1896 in
486 1831 902 1896 describendis
967 1831 1202 1896 Atticis
1261 1833 1618 1915 regionibus
1680 1833 2019 1898 ostentaret
2093 1834 2158 1898 et
2230 1833 2653 1899 Romanorum

354 1933 488 1999 acri
545 1932 813 1998 venandi
877 1932 1082 1997 studio
1139 1933 1549 2000 satisfaceret.
1636 1933 1881 2000 Seniori
1929 1953 2103 2000 servo
2148 1933 2247 1998 vel
2291 1933 2652 2017 paedagogo

355 2035 423 2098 in
470 2034 690 2098 Velato
747 2052 992 2116 quoque
1047 2037 1255 2115 partes
1300 2034 1481 2100 datas
1545 2054 1695 2112 esse,
1760 2035 1907 2100 licet
1961 2035 2145 2118 poeta
2189 2035 2507 2100 Romanus
2552 2053 2654 2099 eas

359 2134 718 2218 neglexerit,
761 2135 1132 2218 sarcophagi
1174 2135 1404 2202 indicio
1439 2136 1606 2214 sunt,
1668 2137 1884 2219 utpote
1926 2137 1989 2202 in
2037 2137 2267 2220 quibus
2308 2135 2652 2219 Hippolyto

357 2235 603 2318 saepius
634 2236 730 2300 vir
759 2254 940 2300 senex
983 2254 1056 2300 ac
1100 2236 1398 2302 barbatus
1443 2255 1631 2320 prope
1674 2235 1933 2302 adstans
1984 2237 2360 2329 compareat.
2404 2271 2489 2280 —
2534 2234 2653 2300 Sed

356 2336 548 2420 priori
584 2337 902 2402 Phaedrae
943 2356 1069 2402 non
1113 2355 1266 2419 opus
1311 2338 1445 2404 erat
1490 2356 1790 2430 amorem·
1812 2338 2049 2414 celare;
2092 2357 2237 2402 nam
2283 2337 2653 2403 documento

353 2439 504 2504 sunt
548 2437 985 2521 Aristophanis
1029 2438 1320 2523 Byzantii
1381 2438 1813 2504 testimonium
1868 2439 1934 2504 in
1980 2438 2349 2524 argumento
2396 2435 2653 2504 Coroni-

354 2541 472 2606 feri
517 2542 580 2605 et
625 2541 743 2623 frg.
793 2542 936 2606 433.
979 2542 1104 2605 436
1147 2541 1314 2607 ultro
1380 2560 1517 2607 eam
1584 2560 1854 2606 amorem
1900 2542 2238 2623 professam
2284 2539 2494 2605 omnia
2539 2559 2653 2622 pu·-

355 2642 524 2708 doris
567 2643 868 2725 repagula
911 2643 1295 2726 perfregisse.
1405 2644 1495 2709 Ex
1543 2662 1666 2725 qua
1710 2662 1777 2707 re
1820 2642 2104 2724 deinceps
2148 2642 2395 2725 cogitur
2457 2642 2650 2708 aliam

355 2743 580 2825 prioris
619 2743 868 2808 fabulae
912 2744 1334 2809 oeconomiam
1375 2743 1582 2826 fuisse,
1630 2742 1793 2825 quod
1820 2742 2207 2809 Valckenaer
2253 2742 2483 2825 (Praef.
2501 2740 2649 2826 XX)

355 2844 592 2926 primus
622 2843 990 2909 observavit.
1059 2844 1223 2909 Nam
1257 2844 1462 2932 poeta,
1511 2862 1652 2908 cum
1684 2843 2001 2909 Phaedrae
2031 2842 2187 2909 alias
2216 2846 2421 2927 partes
2452 2844 2648 2924 daret,

355 2945 619 3009 nutricis
660 2964 904 3028 quoque
933 2946 1140 3028 partes
1181 2947 1564 3011 commutare
1611 2946 1845 3025 debuit,
1888 2946 1983 3011 ita
2026 2945 2296 3029 quidem,
2343 2947 2415 3009 ut
2459 2964 2649 3013 anum

358 3046 647 3111 dominae
713 3046 1001 3112 libidines
1066 3047 1249 3111 initio
1301 3047 1510 3129 potius
1564 3048 1941 3131 restringere
1996 3047 2348 3113 studentem
2388 3046 2652 3129 fingeret

357 3146 450 3229 (cf
489 3146 776 3211 Welcker
817 3147 859 3212 1.
906 3148 945 3213 l.
991 3167 1048 3230 p.
1096 3146 1265 3231 736).
1373 3148 1603 3215 Seneca
1647 3149 1847 3232 igitur
1890 3148 2184 3214 Velatum
2227 3147 2514 3213 imitatus
2558 3148 2652 3212 est

355 3248 473 3313 hac
517 3248 652 3329 ipsa
705 3248 948 3314 ratione
1011 3250 1316 3313 nutricem
1359 3268 1500 3314 cum
1546 3250 1835 3315 Phaedra
1877 3268 2187 3315 sermones
2234 3250 2651 3316 conferentem

353 3350 672 3431 inducens,
740 3349 917 3413 cuius
981 3350 1279 3432 colloquii
1334 3350 1585 3433 singula
1640 3351 1861 3417 Ovidio
1918 3351 2166 3417 conlato
2230 3352 2652 3415 recensentem

355 3450 727 3532 gravissima
778 3450 1039 3533 indicia,
1107 3452 1331 3532 quibus
1393 3452 1669 3517 imitatio
1736 3450 1957 3517 Graeci
2018 3452 2383 3534 exemplaris
2446 3451 2652 3533 prodi·

349 3553 472 3631 tur,
521 3570 644 3616 non
689 3553 751 3618 te
795 3552 1068 3635 fugient3
1122 3552 1196 3617 de
1241 3554 1464 3635 quibus
1510 3554 1696 3619 adeas
1740 3554 2001 3619 Leonem
2033 3554 2102 3633 (1.
2136 3553 2178 3616 1.
2233 3570 2290 3633 p.
2346 3553 2465 3617 174
2508 3550 2649 3635 sq.)‚

357 3653 465 3735 qui
501 3653 866 3737 explicatius
909 3653 1060 3720 haec
1105 3654 1342 3719 tractat
1373 3656 1414 3722 ².
1503 3654 1920 3738 Neglegenter
1964 3654 2213 3737 quidem
2244 3655 2491 3736 poetam
2523 3652 2650 3718 Ro-

563 3858 580 3888 ¹
617 3857 686 3911 In
721 3857 1066 3929 sarcophago
1103 3858 1358 3913 Romano
1399 3858 1570 3927 (Mon.
1608 3856 1739 3913 dell’
1775 3858 1910 3913 Inst.
1948 3857 2097 3923 VIII,
2133 3860 2217 3913 38.
2254 3861 2323 3912 2a
2356 3857 2430 3911 cf.
2468 3856 2649 3911 Benn-

353 3944 488 3999 dorf
520 3963 574 3999 u.
616 3945 862 4001 Schoene
900 3946 1164 4001 Lateran.
1203 3946 1345 4002 Mne.
1381 3965 1434 4017 p.
1473 3949 1580 4001 269
1617 3948 1724 4016 sq.)
1762 3951 1820 4001 et
1853 3947 2181 4002 Florentino
2234 3946 2399 4013 (Gall.
2435 3945 2495 4000 di
2531 3944 2647 3999 Fir.

351 4033 444 4097 IV,
483 4035 569 4089 91.
608 4035 676 4087 92
714 4034 783 4089 cf.
823 4035 1140 4090 Duetschke
1177 4036 1372 4091 Antik.
1411 4036 1608 4091 Bildw.
1648 4035 1947 4091 ober-Ital.
1985 4036 2067 4089 111
2103 4052 2158 4105 p.
2195 4036 2264 4089 32
2302 4034 2425 4103 sq.)‚

556 4124 578 4157 ²
613 4122 740 4177 Non
779 4124 850 4178 ab
886 4142 949 4177 re
994 4128 1080 4179 est
1128 4125 1234 4181 hoc
1275 4128 1397 4181 loco
1444 4130 1643 4179 notare
1688 4124 2001 4180 Phaedram
2038 4123 2349 4180 Coroniferi
2383 4122 2543 4191 queri
2578 4140 2632 4177 v.

359 4212 464 4265 379
496 4229 600 4281 sq.:
639 4209 705 4264 τὰ
737 4207 930 4283 χρήστ’
956 4206 1349 4285 ἐπιστάμεσθα
1375 4218 1465 4266 καὶ
1489 4209 1896 4285 γιγνώσκομεν,
1920 4209 2021 4267 οὐκ
2058 4213 2406 4282 ἐκπονοῦμεν
2441 4211 2507 4265 δέ
2540 4213 2650 4263 κτλ.

357 4305 554 4355 contra
590 4300 827 4357 Senecae
865 4300 1178 4357 Phaedram
1233 4303 1386 4357 ultro
1445 4301 1702 4373 profiteri
1751 4321 1804 4357 v.
1855 4304 1952 4356 177
1992 4318 2099 4371 sp.:
2161 4298 2324 4372 ‘quae
2376 4316 2650 4355 memoras

355 4389 470 4445 scio
507 4389 653 4445 Vera
713 4408 846 4461 ease,
911 4391 1122 4461 nutrix,
1184 4390 1282 4447 sed
1335 4390 1494 4447 furor
1549 4390 1705 4463 cogit
1758 4390 1917 4461 sequi
1950 4384 2185 4449 Peiora'.
2269 4386 2649 4461 Intellegisne,
