3157 5028
1592 294 1663 348 40

472 467 548 534 In
592 468 838 533 servata
885 468 1099 534 fabula
1153 467 1410 532 nuntius
1464 466 1605 549 post
1656 465 1903 530 tristem
1966 463 2163 530 cladis
2216 464 2634 530 narrationem
2678 481 2785 528 ex-

477 569 711 634 clamat
752 588 808 634 v.
859 570 1020 634 1249
1065 588 1184 652 sq.:
1274 587 1593 651 nunquam
1648 567 1810 644 fore,
1877 567 1950 629 ut
2002 566 2119 630 sibi
2176 565 2529 648 persuaderi
2585 563 2784 646 possit

477 669 802 735 dominum
844 669 1195 751 improbum
1241 687 1396 747 esse,
1443 687 1520 733 ne
1571 669 1708 731 tum
1768 666 2039 749 quidem,
2088 667 2139 730 si
2184 685 2363 731 omne
2404 665 2783 730 feminarum

475 788 670 852 genus
735 770 1063 852 suspendio
1135 789 1198 834 se
1268 769 1504 834 necarit
1562 768 1832 850 Idaeque
1892 768 2073 850 pinus
2140 767 2491 849 ubicunque
2554 765 2783 830 litteris

475 871 826 952 impleatur.
913 871 1109 935 Poeta
1160 889 1375 951 nempe
1419 870 1516 934 sui
1565 868 1802 951 ingenii
1848 869 2315 933 amantissimus
2358 866 2615 930 inventa
2659 883 2781 929 non

474 969 656 1034 facile
699 970 943 1034 abiecit.
991 1005 1068 1018 -
1117 971 1390 1035 Fabulae
1433 970 1637 1052 igitur
1683 987 2042 1051 progressus
2085 969 2189 1032 hic
2234 967 2397 1032 erat:
2440 969 2582 1048 post
2622 985 2785 1030 nun-

475 1069 551 1134 tii
575 1069 931 1156 ¹discessum
979 1071 1260 1136 Phaedra
1307 1069 1385 1134 ad
1434 1089 1644 1134 necem
1690 1087 1754 1133 se
1797 1069 1981 1151 parat
2026 1069 2087 1133 et
2131 1068 2302 1134 brevi
2342 1067 2605 1132 fortasse
2634 1084 2784 1130 can-

475 1169 602 1234 tico
645 1169 967 1235 interiecto
1011 1189 1188 1235 serva
1255 1171 1318 1234 et
1375 1169 1777 1252 paedagogus
1838 1168 2179 1250 procedunt
2247 1165 2565 1232 Phaedrae
2616 1183 2785 1228 mor-

477 1271 606 1334 tem
661 1272 1044 1336 nuntianteS.
1134 1272 1291 1335 Vere
1359 1270 1675 1353 tragicum
1739 1269 1883 1333 hoc:
1938 1269 2243 1334 damnum
2302 1267 2528 1331 damno
2581 1268 2784 1332 conti-

479 1371 691 1449 nuari,
746 1370 823 1435 de
877 1371 1154 1437 criminis
1209 1371 1462 1436 auctore
1517 1370 1685 1434 ultro
1745 1369 1901 1434 citro
1956 1369 2212 1453 ambigi,
2258 1369 2527 1434 Dianam
2574 1367 2783 1432 omnia

479 1471 756 1537 revelare
775 1474 816 1536 ¹.

678 1573 772 1636 De
817 1572 1082 1639 Senecae
1150 1573 1371 1639 nuntio
1440 1571 1709 1655 denique
1770 1572 1834 1636 in
1880 1571 2092 1655 paucis
2134 1570 2469 1635 subsistere
2514 1587 2783 1652 possum.

481 1672 906 1738 Consimiliter
949 1693 1088 1738 eum
1137 1676 1320 1758 poeta
1365 1671 1685 1738 Romanus
1728 1672 1971 1737 inducit
2023 1691 2081 1736 v.
2132 1671 2255 1734 989
2306 1689 2394 1752 sq.
2437 1672 2628 1752 atque
2656 1671 2785 1734 Eu-

481 1773 712 1856 ripides
755 1767 1019 1840 v.'1151
1068 1794 1160 1857 sq.
1247 1775 1320 1838 In
1388 1777 1669 1839 monstro
1737 1772 1985 1837 horride
2049 1770 2438 1853 depingendo
2514 1772 2577 1834 et
2645 1771 2785 1835 tota

487 1874 763 1940 luctifica
835 1877 1048 1957 strage
1111 1875 1333 1940 taetris
1405 1874 1717 1938 coloribus
1780 1871 2131 1937 exornanda
2203 1871 2266 1934 et
2340 1871 2783 1952 amplificanda

480 1977 682 2040 multa
728 1974 992 2040 Senecae
1057 1975 1342 2040 officinae
1404 1974 1570 2040 haud
1636 1976 1896 2056 gravate
1962 1971 2213 2036 tribues,
2302 1970 2528 2036 Omnia
2572 1972 2785 2036 autem

483 2075 860 2157 singillatim
931 2094 1070 2139 cum
1132 2078 1380 2140 servata
1427 2074 1769 2158 Hippolyto
1832 2091 2196 2154 componere
2258 2089 2785 2154 supervacaneum

481 2175 660 2255 duce,
706 2175 854 2258 quia
884 2174 1209 2258 Euripides
1254 2177 1419 2240 certe
1466 2194 1590 2240 non
1635 2175 1845 2240 omnia
1889 2194 1960 2238 ex
2003 2173 2205 2238 altera
2246 2173 2461 2238 fabula
2504 2172 2784 2256 retinuit,

480 2463 657 2517 Bonn.
700 2464 836 2516 1864
871 2481 927 2533 p.
963 2462 1091 2534 44),
1130 2463 1362 2533 repetiit
1397 2481 1576 2533 nuper
1616 2463 1993 2518 Wilamowitz
2030 2463 2261 2518 Hermes
2307 2461 2409 2517 XV
2444 2479 2499 2531 p.
2530 2461 2636 2514 484
2672 2460 2779 2531 (l):

478 2549 635 2605 ‘trau
673 2552 853 2605 einem
881 2550 1074 2607 Weibe
1111 2552 1269 2606 nicht
1307 2554 1529 2615 einmal,
1567 2571 1727 2607 wenn
1764 2554 1843 2607 sie
1878 2554 1969 2607 die
2011 2551 2305 2607 Wahrheit
2344 2547 2524 2622 sagt'3
2557 2551 2663 2605 hac
2699 2551 2782 2604 in-

481 2641 887 2709 terpretatione
925 2659 957 2695 a
994 2641 1181 2695 verbis
1220 2642 1449 2710 insuper
1483 2643 1685 2696 leniter
1722 2642 2055 2696 deflectente
2090 2658 2277 2695 sensus
2304 2640 2643 2709 perversitas
2670 2656 2783 2692 non

481 2735 817 2800 removetur.
893 2729 1085 2798 Neque
1123 2731 1230 2799 ipsi
1270 2730 1486 2784 Hillero
1524 2730 1744 2784 medela
1784 2731 1925 2785 bene
1964 2731 2153 2785 cessit:
2194 2730 2501 2797 obsequere
2535 2728 2779 2794 mulieri,

481 2818 703 2872 etiamsi
749 2836 883 2873 vera
929 2835 1043 2871 non
1089 2819 1266 2885 audie,
1323 2818 1474 2888 quod
1524 2823 1783 2873 contorta
1829 2819 2201 2888 explicatione
2250 2822 2379 2888 eget
2423 2822 2480 2871 et
2520 2815 2786 2885 Euripidi

481 2907 706 2961 omnino
743 2906 1037 2975 obstrepit,
1075 2908 1173 2974 qui
1210 2909 1292 2961 ita
1327 2908 1388 2960 in
1421 2906 1774 2961 Stheneboea
1810 2907 1919 2978 frg.
1958 2909 2090 2962 673:

1076 3010 1090 3021 “
1667 2990 1943 3050 πιστεύειν
1979 2996 2041 3049 δὲ
2075 2992 2187 3067 χρὴ

1012 3086 1227 3151 γυναικὶ
1261 3082 1458 3153 μηδέν,
1497 3080 1647 3142 ὅστις
1686 3074 1744 3137 εὖ
1788 3090 1989 3155 φρονεῖ
2021 3085 2249 3154 βροτῶν.

484 3168 678 3239 Itaque
731 3171 836 3224 nisi
881 3189 1098 3225 sumere
1151 3172 1330 3226 mavis
1390 3189 1581 3227 versus
1650 3191 1833 3228 crassa
1876 3173 2131 3228 Minerva
2178 3192 2207 3228 e
2255 3177 2520 3228 contextu
2569 3174 2784 3228 evulsos

484 3274 618 3325 esse,
657 3259 826 3312 aliam
863 3260 1140 3313 rationem
1179 3278 1290 3314 non
1326 3261 1490 3315 video
1531 3262 1638 3315 nisi
1679 3280 1819 3330 eam,
1860 3280 2025 3331 quam
2064 3280 2231 3331 supra
2262 3263 2560 3317 verborum
2588 3262 2785 3336 ordine

485 3348 752 3401 mutando
798 3349 900 3402 inii
927 3348 1116 3403 Leone
1153 3350 1293 3403 duce
1330 3350 1390 3415 (l.
1417 3350 1452 3403 1.
1481 3368 1534 3419 p.
1568 3352 1714 3418 183),
1753 3352 1847 3419 qui
1884 3351 1991 3404 hoc
2034 3350 2413 3421 fragmentum
2447 3350 2783 3419 respondere

483 3436 748 3503 opinatur
794 3436 952 3490 chori
998 3437 1180 3491 verbis
1221 3437 1350 3506 Hip.
1391 3439 1493 3490 891
1535 3456 1617 3505 sq.
1674 3468 1738 3476 —
1792 3438 2125 3509 Paedagogo
2165 3443 2350 3492 autem
2388 3437 2648 3492 Welckcr
2685 3438 2720 3491 l.
2744 3438 2781 3491 1.

483 3541 536 3592 p.
577 3525 681 3576 742
720 3524 842 3578 iure
881 3524 1118 3579 fortasse
1153 3525 1355 3579 tribuit
1393 3525 1501 3596 frg.
1541 3526 1647 3579 inc.
1697 3526 1846 3592 1052,
1907 3542 2031 3579 cum
2089 3542 2198 3593 quo
2250 3532 2585 3595 congruunt,
2643 3543 2785 3594 quae

484 3611 840 3666 Coroniferus
882 3631 931 3664 v.
973 3616 1077 3668 993
1119 3631 1199 3681 sq.
1239 3613 1309 3667 de
1352 3631 1410 3667 se
1447 3613 1568 3681 ipso
1612 3613 1915 3681 praedicat.

685 3701 703 3731 ¹
741 3700 1014 3769 Lapicida
1061 3702 1299 3756 actionis
1351 3701 1649 3755 decursum
1689 3718 1802 3754 non
1853 3702 2155 3755 observans
2214 3701 2274 3753 in
2322 3701 2524 3755 ultima
2586 3702 2787 3756 dextra

481 3793 644 3857 parte
681 3789 742 3842 id
775 3791 956 3859 ponit,
1013 3791 1162 3859 quod
1207 3796 1460 3859 tempore
1497 3790 1655 3859 prius
1694 3794 1805 3859 est3
1863 3808 2005 3858 quae
2042 3790 2303 3857 inversio,
2362 3794 2427 3843 ut
2462 3791 2545 3843 ita
2584 3790 2785 3857 dicam,

481 3878 690 3931 nemini
727 3876 1036 3947 figurarum
1083 3880 1509 3933 collocationem
1559 3878 1926 3946 ordinemque
1981 3884 2038 3932 et
2096 3879 2244 3949 leges
2301 3878 2674 3947 responsionis
2724 3879 2786 3932 in

480 3965 756 4019 rationem
793 3966 1017 4019 vocanti
1055 3966 1242 4019 fucum
1280 3966 1474 4030 faciet3
1532 3968 1789 4035 exempla
1834 3984 1945 4019 non
1990 3984 2120 4019 rara
2168 3972 2313 4020 sunt.
2374 3996 2439 4005 —-
2495 3967 2787 4021 Nutricem

482 4053 739 4122 denique,
799 4071 942 4123 quae
983 4055 1166 4108 nuntii
1204 4070 1434 4108 munere
1475 4054 1763 4125 fungatur,
1821 4072 2195 4124 praepropere
2232 4056 2595 4124 desiderares,
2654 4074 2783 4110 cum

481 4141 732 4195 libidinis
771 4143 1088 4197 ministram
1122 4142 1310 4210 respui
1349 4148 1783 4196 consentaneum
1825 4143 1899 4196 sit
1934 4147 2062 4211 post
2098 4142 2406 4213 flagitiosos
2444 4149 2675 4198 conatus
2715 4144 2785 4197 ad

480 4230 708 4284 irritum
749 4232 1047 4285 revolutos.
1123 4230 1458 4284 Dubitantes
1507 4231 1868 4285 meminerint
1904 4230 2216 4286 Coroniferi
2264 4236 2319 4285 et
2365 4232 2410 4285 F
2414 4231 2778 4301 rancogallici

477 4318 829 4389 exemplaris.
