3157 5028
1584 342 1653 394 58

468 511 684 576 molles
725 513 962 577 erectus
1004 513 1071 577 in
1094 503 1328 592 auras',
1375 514 1541 597 quod
1587 515 1807 580 notatu
1839 514 2132 596 dignum3
2178 513 2327 596 quia
2355 513 2488 578 fieri
2519 512 2773 596 quidem

467 612 689 693 potuit,
753 613 824 676 ut
879 613 1175 696 imaginis
1233 614 1578 679 recordatio
1638 616 1886 696 poetam
1940 614 2021 678 ad
2078 615 2240 679 hanc
2291 614 2604 678 fictionem
2648 613 2771 678 im-

466 711 736 794 pelleret,
805 715 968 796 quod
1030 715 1094 778 in
1149 715 1568 780 Alexandrina
1625 715 1791 797 poesi
1854 715 2020 779 haud
2084 715 2273 780 semel
2340 713 2577 779 factum
2642 732 2773 778 esse

469 813 734 877 constat.
823 814 995 879 Nam·
1020 815 1211 880 simili
1243 815 1424 880 modo
1470 835 1502 880 e
1533 816 1692 879 mari
1745 833 2061 897 emergens
2105 814 2212 879 ille
2259 815 2369 879 bos
2415 814 2619 896 pictus
2675 814 2769 878 est

464 913 528 978 in
575 917 1139 997 repraesentatione
1184 917 1404 981 mortis
1449 916 1777 1000 Hippolyti
1824 917 1890 980 in
1937 935 2079 982 vase
2110 917 2316 999 Apulo
2362 915 2624 981 Londini
2668 933 2767 979 as-

467 1016 710 1081 serva-to
743 1019 782 1090 ¹,
859 1017 1025 1100 quod
1092 1020 1408 1100 praeterea
1473 1018 1747 1082 ostendit
1814 1037 2112 1101 equorum
2178 1011 2423 1083 λύσσαν
2494 1018 2769 1082 humana

464 1116 663 1197 specie
733 1116 1049 1198 indutam3
1125 1119 1288 1184 unde
1349 1119 1533 1184 facile
1596 1139 1894 1202 equorum
1959 1119 2157 1184 furiae
2223 1119 2416 1203 repeti
2490 1119 2769 1201 possunt,

465 1235 502 1281 a
571 1218 797 1299 quibus
848 1217 1106 1284 Ovidius
1173 1220 1368 1296 (Fast.
1417 1221 1530 1296 ΙΙΙ,
1582 1222 1732 1298 265)
1795 1221 2039 1286 heroem
2107 1221 2386 1285 nostrum
2457 1220 2769 1302 direptum

466 1316 671 1399 fingit.
783 1319 1036 1385 Tacitus
1095 1322 1305 1385 autem
1379 1321 1633 1405 quidam
1702 1341 1915 1386 sensus
1990 1323 2235 1399 suadet,
2314 1324 2385 1386 ut
2447 1322 2637 1386 etiam
2702 1320 2769 1384 in

466 1419 795 1503 Hippolyti
861 1421 1065 1486 verbis
1125 1420 1236 1488 Ov.
1297 1423 1420 1487 514
1473 1441 1597 1504 sq.:
1664 1421 1853 1487 ‘mihi
1920 1442 2093 1488 mens
2160 1423 2451 1488 interrita
2517 1421 2771 1497 mansit,

467 1520 715 1586 Exsiliis
789 1522 1078 1587 contenta
1148 1523 1296 1588 suis‘
1369 1521 1862 1589 Alexandrinum
1932 1526 2251 1590 auc-torem
2319 1523 2513 1589 animi
2581 1523 2769 1588 affec-

465 1622 602 1685 tum
669 1621 1100 1706 depingentem
1171 1643 1526 1707 agnoscam.
1635 1625 1861 1690 'Potuit
1925 1625 2179 1708 quidem
2252 1625 2381 1689 iam
2451 1624 2765 1708 tragicum

468 1726 777 1808 exemplar
841 1724 1034 1788 simili
1100 1727 1462 1790 ornamento
1529 1725 1734 1791 locum
1804 1725 1970 1810 dare,
2037 1745 2174 1791 cum
2224 1726 2455 1792 Seneca
2499 1745 2557 1791 v.
2606 1726 2770 1791 1054

469 1826 680 1891 narret
723 1827 1134 1910 Hippolytum
1189 1827 1389 1892 solum
1449 1829 1791 1892 immunem
1852 1828 2023 1892 metu
2086 1827 2293 1893 fuisse.
2380 1826 2455 1890 In
2520 1826 2769 1891 servata

470 1927 709 1994 Graeca
751 1928 968 1993 fabula
1010 1928 1169 1993 talia
1214 1927 1440 1993 desunt
1463 1930 1505 1994 2.
1593 1929 1801 2011 Ipsam
1847 1928 2112 2011 denique
2170 1927 2481 1993 fabulam:
2544 1944 2768 1991 nover-

468 2048 576 2095 cae
614 2047 888 2094 amorem
932 2027 1050 2093 filii
1093 2028 1414 2111 virtutem,
1448 2030 1632 2112 poeta
1663 2030 1981 2095 Romanus
2024 2030 2088 2094 in
2135 2029 2583 2112 perangustum
2614 2045 2769 2109 pau-

471 2149 684 2198 corum
751 2148 1039 2196 versuum
1108 2131 1260 2212 (500
1318 2129 1435 2214 sq.)
1499 2131 1808 2196 ambitum
1875 2131 2186 2196 coartavit
2251 2129 2470 2195 subtili
2523 2128 2647 2194 fere
2708 2128 2771 2192 et

467 2233 782 2316 cogitatae
824 2231 1122 2296 brevitati
1166 2232 1450 2307 studens3
1500 2251 1697 2314 neque
1739 2233 1805 2295 in
1850 2251 1919 2296 eo
1964 2232 2042 2296 ab
2086 2230 2417 2312 exemplari
2462 2229 2767 2307 recedenS‚

465 2333 772 2416 siquidem
818 2334 1063 2415 poetam
1112 2331 1515 2416 Cyrenensem
1564 2335 1782 2397 notum
1829 2333 1921 2397 est
1964 2333 2029 2397 in
2092 2327 2447 2397 fabularum
2508 2329 2769 2412 popula-

439 2436 630 2514 ,rium
674 2435 1096 2500 illustratione
1151 2435 1476 2499 brevitatis
1537 2455 1717 2500 suum
1785 2435 2182 2519 praeceptum
2249 2452 2437 2517 quam
2502 2431 2769 2497 maxime

468 2537 821 2607 observasse
843 2540 887 2602 ⁸.
974 2537 1196 2620 Itaque
1242 2537 1763 2603 verisimillimum
1810 2539 1904 2602 est
1948 2557 2017 2602 ex
2060 2537 2272 2602 eodem
2324 2534 2593 2600 similive
2621 2533 2768 2599 Ale-

466 2638 769 2703 xandrino
815 2638 986 2704 fonte
1016 2637 1471 2703 Philostratum
1520 2638 1798 2703 hausisse
1840 2637 2119 2703 fabulam
2164 2637 2259 2701 his
2301 2636 2571 2701 breviter
2601 2654 2768 2700 com-

466 2739 938 2821 prehendentem
982 2739 1148 2817 (Sen.
1183 2741 1382 2823 Imag.
1413 2741 1496 2819 II,
1543 2741 1640 2819 4):
1687 2732 1967 2823 μητρυιὰ
2012 2734 2133 2821 γὰρ
2169 2735 2421 2819 Φαίδρα
2451 2737 2769 2816 ξυνθεῖσα

462 2837 654 2922 λόγον
698 2838 802 2904 ἐπ’
840 2830 1025 2925 αὕτῷ
1074 2842 1197 2905 οὐκ
1243 2829 1416 2920 ὄντα,
1464 2837 1552 2917 ὥς
1597 2837 1674 2929 δὴ
1708 2838 1913 2925 ἐρῷτο
1946 2832 2077 2903 ὑπὸ
2112 2838 2231 2903 τοῦ
2258 2830 2655 2902 Ἱππολύτου
2684 2872 2762 2880 -

465 2930 626 3024 αυτή
681 2939 753 3005 δὲ
814 2930 942 3023 ἂρα
1005 2942 1122 3005 τοῦ
1174 2939 1514 3024 μειρακίου
1570 2930 1699 3023 η’ρα
1772 2978 1839 2986 -
1909 2931 2245 3003 απατᾶται
2288 2962 2324 3003 ο
2377 2932 2629 3021 Θησεὺς
2670 2937 2768 3022 τῷ

669 3229 688 3261 ¹
730 3228 811 3284 Cf.
847 3229 1048 3284 Korte:
1088 3229 1362 3284 Personif.
1401 3230 1593 3300 psych.
1632 3229 1833 3285 Affeet.
1871 3230 1908 3283 i.
1947 3230 2001 3283 d.
2041 3228 2169 3283 Vas.
2208 3229 2341 3284 Mal.
2382 3246 2437 3297 p.
2464 3229 2533 3282 36
2559 3244 2641 3296 sq.
2700 3226 2768 3279 In

468 3318 795 3372 memoriam
817 3334 1044 3372 revoces
1063 3318 1436 3387 Antiphilam,
1473 3319 1570 3387 qui
1589 3319 1759 3387 primi
1784 3318 2094 3372 Ptolemaei
2124 3317 2241 3372 fere
2267 3316 2614 3386 temporibus
2635 3315 2765 3369 Ale-

465 3406 737 3461 xandriae
774 3406 968 3461 floruit
1005 3406 1242 3460 Brunnii
1281 3408 1488 3462 iudicio
1527 3408 2007 3477 (Kiinstlergesch.
2048 3406 2102 3459 11
2142 3424 2197 3475 p.
2224 3407 2332 3459 249
2378 3405 2483 3473 sq.)
2519 3403 2768 3473 pinxisse

465 3492 476 3511 ‘
495 3495 867 3565 Hippolytum
893 3500 1091 3550 tauro
1120 3496 1362 3550 emisso
1389 3495 1862 3565 expavescentem'
1879 3537 1893 3563 ‚
1910 3500 1975 3549 ut
1996 3495 2211 3549 Plinius
2238 3494 2543 3565 (Nat.Hist.
2556 3492 2767 3547 XXXV

471 3583 592 3653 114)
628 3588 883 3639 testatur.
944 3614 1008 3623 —
1070 3585 1262 3638 Brunn
1298 3586 1368 3639 de
1407 3585 1512 3639 hac
1548 3585 1771 3654 pictura
1811 3584 2101 3653 disputans
2137 3601 2434 3653 perperam
2468 3582 2539 3637 ad
2576 3582 2767 3636 Philo-

471 3676 713 3736 stratum
745 3672 894 3742 (Sen.
931 3672 1105 3743 Imag.
1144 3673 1215 3739 II,
1255 3675 1307 3740 4)
1344 3674 1674 3742 provocavit
1714 3674 1749 3727 l.
1790 3674 1845 3739 l.‚
1885 3672 2154 3727 Fleckeis.
2193 3671 2386 3741 Suppl.
2424 3670 2501 3725 IV
2536 3688 2592 3740 p.
2631 3672 2768 3738 2183

467 3760 537 3816 ef.
575 3761 928 3817 Friederichs
966 3762 1018 3815 d.
1056 3748 1383 3816 Phssost'rat.
1421 3762 1566 3815 Bne.
1606 3780 1661 3831 p.
1704 3764 1771 3815 73
1811 3761 2081 3816 F1eckeis.
2121 3759 2314 3829 Suppl.
2354 3760 2402 3813 v
2439 3776 2493 3828 p.
2539 3759 2655 3812 161.

670 3851 692 3883 ²
728 3850 818 3904 Ex
865 3850 1189 3906 Callimachi
1234 3850 1568 3921 fragmentis
1615 3850 1689 3904 ad
1733 3850 1877 3904 hanc
1931 3848 2226 3919 Hippolyti
2273 3848 2472 3903 mortis
2523 3846 2767 3915 descrip-

465 3937 676 3991 tionem
724 3936 930 3992 referri
978 3939 1156 4022 possit
1202 3938 1314 4009 frg.
1369 3957 1528 3993 anon.
1584 3940 1683 3993 136
1740 3937 1927 4008 (Schn.
1973 3938 2030 3992 II
2075 3954 2129 4006 p.
2168 3936 2321 4007 738):
2380 3928 2505 4005 ὦρτ’
2552 3936 2615 3990 ἐν
2658 3934 2771 4005 μὲν

465 4029 616 4096 μέγα
653 4026 816 4096 κῦμα.

667 4113 689 4145 ³
728 4112 810 4168 Of.
848 4113 1079 4183 Dilthey
1115 4116 1152 4168 l.
1191 4115 1226 4168 1.
1265 4132 1319 4183 p.
1361 4116 1429 4167 24
1467 4132 1548 4183 sq.
1609 4144 1676 4154 —
1731 4112 1823 4167 Sic
1858 4114 1919 4167 in
1956 4114 2164 4168 Hecale
2209 4118 2377 4183 poeta
2416 4111 2631 4180 Scyllae
2680 4109 2765 4164 fa-

466 4201 656 4255 bulam
688 4201 927 4258 fortasse
962 4205 1154 4273 paucis
1192 4205 1435 4259 absolvit
1471 4204 1565 4274 (cf.
1595 4204 1642 4256 N
1646 4203 1783 4258 aeke
1808 4203 1844 4257 l.
1871 4204 1905 4257 1.
1942 4221 1996 4273 p.
2028 4204 2119 4273 62)
2152 4207 2210 4257 et
2248 4198 2479 4256 Ovidius
2515 4198 2765 4254 fabulam

467 4288 537 4343 de
572 4288 889 4345 Minotauro
930 4297 985 4347 et
1024 4293 1272 4347 Ariadna
1317 4293 1511 4362 paucis
1562 4310 1831 4347 enarrans
1888 4292 2047 4361 (Met.
2088 4292 2236 4358 VIII,
2282 4292 2381 4345 171
2421 4289 2522 4359 sq.)
2575 4286 2768 4358 potuit

468 4376 793 4439 Callimachi
829 4382 1146 4455 exemplum
1183 4382 1339 4452 sequi
1380 4381 1474 4451 (cf.
1516 4380 1714 4436 Rauch
1751 4380 1789 4435 1.
1827 4382 1864 4435 1.
1901 4398 1956 4449 p.
1996 4379 2104 4450 54).
