3157 5028
1515 343 1618 396 119

812 512 1229 595 languescunt
1272 514 1420 579 folio
1469 516 1537 579 ut
1582 516 1717 582 lilia
1764 518 2018 601 pallido,

813 614 875 678 et
917 615 1138 698 gratae
1185 615 1379 698 capiti
1421 616 1718 681 deficiunt
1762 636 1974 684 comae

813 719 875 783 et
899 719 1128 801 -fulgor
1170 718 1398 783 teneris
1445 721 1554 801 qui
1599 720 1807 786 radiat
1850 722 2025 805 genis

810 821 1124 886 momento
1166 822 1412 903 rapitur
1459 822 1755 904 nullaque
1799 842 1920 888 non
1967 823 2096 888 dies

810 920 1110 986 formonsi
1154 921 1421 1003 spolium
1465 922 1739 1004 corporis
1785 923 2066 989 abstulit.

411 1017 658 1085 Similia
699 1038 890 1104 eaque
934 1022 1280 1088 conditiora
1326 1021 1685 1088 Stratonem
1730 1024 1910 1090 Musa
1954 1024 2208 1106 puerilis
2252 1025 2466 1090 docuit
2516 1027 2708 1092 Anth.

409 1119 546 1187 Pal.
590 1121 736 1202 XII,
787 1124 943 1188 195:
1205 1123 1208 1126 ’

690 1210 1018 1288 ’Ἀνθεσιν
1062 1225 1140 1290 οὐ
1181 1219 1486 1291 τόσσοισι
1532 1225 1961 1312 φιλοζέφυροι
2003 1221 2311 1307 χλοάουσι

803 1323 1134 1407 λειμῶνες,
1179 1330 1485 1404 πυκιναῖς
1527 1321 1749 1410 εἴαρος
1792 1325 2104 1412 ἀγλαΐαις,

705 1418 948 1503 ὅσσους
991 1417 1342 1511 εὐγενέτας,
1389 1423 1713 1507 Διονύσιε,
1761 1430 2007 1506 παῖδας
2049 1420 2388 1515 ἆθρήσεις,

800 1526 1038 1608 χειρῶν
1081 1530 1554 1613 Κυπρογενοῦς
1596 1524 1951 1613 πλάσματα
1989 1529 2097 1595 καὶ
2143 1528 2469 1613 Χαρίτων.

686 1613 926 1706 ’Έξοχα
970 1627 1028 1692 δ’
1073 1626 1140 1692 ἐν
1182 1625 1453 1708 τούτοις
1492 1626 1832 1716 Μιλήσιος
1871 1629 2047 1720 ἦνίδε
2097 1625 2351 1711 θάλλει,

803 1721 894 1804 ὥς
938 1723 1134 1814 ῥόδον
1178 1721 1496 1812 εὖόδμοις
1539 1727 1966 1814 λαμπόμενον
2010 1727 2339 1810 πετάλοις.

701 1819 876 1894 Ἀλλ’
926 1831 1044 1896 οὐκ
1088 1823 1266 1897 οἶδεν
1307 1827 1490 1915 ἴσως,
1538 1833 1609 1899 ἐκ
1650 1829 1990 1917 καύματος
2034 1830 2126 1913 ὥς
2169 1831 2366 1900 καλὸν
2408 1825 2637 1914 ὂῖνθος,

799 1926 972 1996 οὕτω
1013 1929 1130 2020 τὴν
1173 1928 1347 2020 ιῖίρην
1391 1934 1461 1999 ἐκ
1505 1934 1725 2019 τριχὸς
1768 1934 2118 2022 ὄλλυμένην

400 2030 462 2094 et
511 2030 738 2096 iterum
785 2033 827 2098 1.
873 2034 916 2098 1.
960 2036 1119 2101 234:

701 2128 780 2198 Εἰ
823 2129 1047 2200 κάλλει
1090 2139 1314 2226 καυχᾷ,
1358 2136 1616 2222 γίνωσχ’
1668 2130 1770 2202 ὅτι
1813 2137 1919 2202 καὶ
1962 2131 2158 2224 ῥόδον
2200 2127 2428 2202 ἆνθεῖ·

802 2231 966 2299 ἀλλὰ
1008 2237 1342 2320 μαρανθὲν
1383 2228 1572 2326 ἷίφνω
1620 2233 1737 2303 σύν
1779 2237 2086 2320 κοπρίοις
2132 2236 2343 2324 ε’ρίφη.

691 2323 956 2430 ’ᾎνθος
997 2334 1117 2422 γὰρ
1163 2339 1268 2403 καὶ
1310 2334 1546 2418 κάλλος
1587 2333 1735 2404 ἰ’σον
1777 2334 2011 2420 χρόνον
2057 2335 2197 2404 ἐστὶ
2241 2333 2555 2420 λαχόντα·

798 2439 1004 2503 ταῦτα
1047 2441 1104 2506 δ’
1155 2441 1281 2531 6μῆ
1329 2441 1644 2529 φθονέων
1689 2434 2037 2525 ἑξεμάρανε
2081 2434 2332 2523 χρόνος.

400 2537 732 2605 Bucolicus
775 2544 959 2624 poeta
1003 2544 1294 2626 fragilem
1353 2543 1882 2627 pulchritudinem
1925 2541 2018 2608 ita
2064 2544 2346 2608 illustrat
2391 2542 2697 2607 Theocrit.

399 2638 489 2706 Id.
535 2642 776 2722 XXIII,
823 2646 940 2709 28:

698 2742 806 2807 καὶ
847 2742 924 2807 τὸ
964 2744 1159 2831 ῥόδον
1201 2740 1400 2809 καλόν
1444 2744 1601 2823 ἐστι,
1672 2746 1779 2810 καὶ
1825 2740 1860 2810 ὃ
1904 2744 2136 2826 χρόνος
2178 2735 2337 2809 αὐτὸ
2381 2742 2697 2826 μαραίνει.

398 2861 456 2907 v.
505 2843 616 2907 30:
698 2840 929 2909 λευκὰν
969 2842 1047 2910 τὸ
1093 2844 1311 2928 κρίνον
1356 2844 1513 2929 ἐστί,
1556 2846 1935 2939 μαραίνεται
1978 2839 2167 2909 ἁνίκα
2210 2844 2447 2931 πίπτῃ.

399 2944 660 3009 Nonnus
725 2946 988 3030 denique
1053 2947 1127 3011 de
1194 2948 1465 3014 formosa
1536 2948 1779 3032 virgine
1848 2947 2019 3012 canit
2082 2947 2340 3031 Dionys,
2404 2946 2699 3022 XXXIV,

403 3046 522 3111 108
566 3065 690 3130 sq.:

694 3143 1067 3234 παρθενικὴ
1110 3146 1440 3230 χαρίεσσα,
1487 3147 1628 3211 τεαὶ
1672 3146 2051 3230 μεθέπουσι
2094 3146 2363 3231 παρειαὶ

695 3244 979 3329 εἶαρινόν
1017 3248 1318 3330 λειμῶνα,
1357 3243 1474 3313 τὸν
1520 3238 1599 3313 οὗ
1640 3243 1874 3329 χρόνος
1920 3240 2059 3313 οἶδε
2102 3248 2438 3331 μαραίνειν

397 3346 500 3431 (cf.
549 3350 825 3433 Propert.
877 3351 952 3429 V,
999 3353 1056 3415 5.
1102 3351 1182 3414 59
1221 3352 1358 3433 sq.).
1448 3349 1635 3414 Haud
1683 3350 1943 3415 fortuito
1989 3352 2195 3415 autem
2224 3349 2453 3415 Seneca
2496 3348 2695 3431 primo

395 3448 530 3515 loco
571 3452 753 3533 prata
798 3452 1036 3517 laudat.
1122 3452 1289 3516 Nam
1335 3470 1477 3515 cum
1523 3451 1850 3533 Euripides
1884 3451 2168 3516 iuvenem
2209 3452 2277 3515 in
2320 3470 2474 3533 puro
2520 3451 2698 3531 prato

397 3552 821 3617 ambulantem
888 3553 950 3617 et
1010 3552 1187 3617 flores
1240 3552 1668 3633 decerpentem
1724 3552 2079 3630 ostenderit,
2147 3551 2305 3616 nihil
2358 3550 2588 3616 mirum
2642 3550 2695 3615 si

401 3651 852 3718 Alexandrinus
915 3654 1023 3718 ille
1094 3655 1275 3737 poeta
1344 3654 1738 3735 potissimum
1812 3654 1973 3718 hanc
2046 3654 2385 3736 imaginem
2454 3651 2696 3717 ascivit.

397 3752 643 3817 Testem
685 3754 912 3818 iterum
958 3754 1413 3833 Philostratum
1459 3754 1655 3819 excito
1705 3754 1771 3834 (l.
1817 3754 1921 3832 l.):
1981 3752 2295 3835 λειμῶνες
2338 3751 2392 3817 δ’
2442 3750 2507 3816 ἐν
2552 3746 2694 3838 ὥρᾳ

394 3853 766 3936 μειρακίων,
834 3846 955 3931 οὓς
1016 3847 1386 3939 ἀκηράτους
1454 3845 1789 3937 ὠνόμαζες
1812 3860 1849 3935 ¹,
1922 3853 2346 3937 μαραίνουσιν
2411 3851 2523 3918 ἐπὶ
2587 3852 2694 3916 σοὶ

394 3949 475 4017 τὰ
540 3943 733 4037 ἄνθη.
824 3992 893 4001 -
983 3954 1381 4038 Comparatio
1449 3956 1650 4039 igitur
1716 3957 1882 4021 inter
1953 3957 2166 4039 prata.
2205 3954 2691 4037 languescentia‚

397 4075 500 4137 per
546 4075 704 4140 quae
757 4056 1064 4123 formosus
1105 4056 1347 4122 iuvenis
1399 4057 1636 4123 infelici
1692 4058 1903 4122 tractu
1957 4057 2217 4139 rapitur,
2284 4056 2347 4120 et
2406 4054 2693 4137 fragilem

596 4276 614 4307 ¹
655 4275 779 4331 Non
835 4275 1047 4340 dubito,
1106 4276 1243 4344 quin
1288 4276 1349 4329 in
1393 4276 1699 4346 exemplari
1736 4275 2119 4329 Alexandrino
2164 4291 2357 4329 versus
2394 4272 2489 4325 isti
2525 4270 2691 4324 Euri·

273 4438 280 4441 -
391 4363 544 4433 pidei
582 4362 734 4434 (Hip.
770 4367 803 4418 7
807 4366 840 4419 3
877 4364 982 4434 sq.)
1016 4382 1085 4419 ex
1122 4382 1279 4420 more
1314 4365 1540 4418 illorum
1571 4368 1868 4435 poetarum
1908 4367 2055 4419 tecte
2087 4361 2341 4418 denotati
2379 4359 2611 4414 fuerint.
