3157 5028
1435 383 1506 438 93

526 560 664 625 Iam
721 560 922 643 igitur
965 558 1267 624 alacriore
1321 557 1529 622 animo
1575 554 1911 639 EuripidiS,
1982 555 2089 638 qui
2153 573 2219 620 se
2276 553 2342 618 in
2386 552 2628 636 Hippo-

323 663 474 746 lytis
520 661 726 726 vexati
769 661 964 726 animi
1011 659 1165 724 mire
1209 678 1478 741 gnarum
1520 657 1856 741 praestitit,
1900 655 2168 737 vestigia
2198 654 2389 720 altius
2428 673 2630 736 perse-

325 781 586 846 quemur
650 762 711 826 et
774 761 1162 825 rimabimur.
1271 759 1568 841 Prospere
1631 776 1774 824 vero
1840 757 2088 838 accidit,
2157 755 2322 839 quod
2378 755 2446 819 in
2508 756 2628 820 hac

323 864 689 947 quaestione
730 862 809 927 ad
839 881 1035 927 unum
1075 861 1324 944 quidem
1353 861 1669 926 servatum
1701 860 1948 942 poetam
1974 855 2459 923 Alexandrinum
2489 874 2628 939 pro-

325 984 548 1031 vocare
589 965 771 1040 licet3
837 963 1235 1029 Theocritum
1281 961 1438 1044 dico,
1499 961 1609 1044 qui
1649 962 1715 1026 in
1766 960 1973 1042 lepida
2016 959 2371 1026 Simaethae
2412 957 2627 1026 fabula

327 1066 450 1148 (Id.
498 1067 589 1146 II)
636 1065 884 1130 Amoris
926 1064 1053 1130 tela
1100 1062 1472 1146 praecordiis
1523 1062 1713 1127 infixa
1771 1061 2091 1127 haerentia
2152 1064 2286 1126 tam
2353 1061 2629 1125 suaviter

325 1167 460 1233 tam
505 1166 876 1250 simpliciter
916 1167 1048 1231 tam
1095 1165 1313 1230 nativa
1358 1165 1492 1229 arte
1539 1163 1839 1242 cantavit,
1887 1182 2075 1246 quam
2121 1162 2325 1227 nescio
2357 1181 2437 1227 an
2468 1181 2629 1226 nun-.

328 1288 518 1352 quam
576 1268 768 1332 ullius
822 1266 1030 1350 gentis
1084 1266 1262 1348 poeta
1293 1268 1332 1332 ¹.
1432 1265 1507 1330 In
1566 1265 1780 1330 Lunae
1844 1265 2053 1329 autem
2109 1265 2501 1331 invocatione
2566 1265 2629 1329 et

326 1369 703 1452 philtrorum
747 1368 1055 1452 apparatu
1107 1367 1470 1432 memoriam
1516 1366 1837 1431 Phaedrae
1902 1367 2168 1444 subesse,
2237 1385 2395 1450 quae
2436 1366 2625 1431 etiam

326 1470 392 1534 in
436 1469 686 1535 scholiis
732 1469 816 1553 (v.
867 1470 972 1549 10)
1017 1467 1335 1551 laudatur,
1402 1486 1664 1551 pronum
1712 1468 1804 1532 est
1848 1467 2210 1547 coniectare,
2278 1468 2427 1532 licet
2470 1467 2630 1533 alter

329 1572 548 1638 auctor
572 1570 898 1636 Theocrito
921 1570 1074 1635 haec
1113 1571 1478 1635 ornamenta
1523 1569 1879 1635 submiserit
1904 1571 1947 1633 2.
1980 1605 2050 1616 —-
2082 1569 2401 1651 Quomodo
2431 1567 2631 1652 igitur

328 1853 610 1913 κάνταῦθα
640 1859 860 1929 ἐγένετο
886 1855 1106 1930 ἀφανὴς
1132 1863 1224 1912 καὶ
1265 1853 1570 1931 ὠνόμασαν
1601 1853 1769 1927 αὐτὴν
1808 1853 2051 1931 Ἄφαιαν.
2102 1860 2153 1914 A
2191 1858 2533 1914 Callimacho
2570 1859 2631 1912 in

329 1965 394 2002 eo
431 1949 664 2017 recedit,
703 1931 851 2018 qu⁸od
885 1949 1260 2005 Britomartin
1297 1948 1613 2020 confugisse
1649 1948 1829 2004 tradit
1866 1948 1938 2002 ad
1973 1949 2295 2018 piscatores,
2358 1948 2457 2017 qui
2507 1966 2627 2002 eam

329 2039 544 2092 retibus
581 2039 952 2107 occultarent3
993 2056 1161 2107 quam
1199 2038 1582 2092 narrationem
1620 2037 1899 2091 Diodorus
1922 2036 1989 2102 V,
2029 2039 2097 2090 76
2134 2037 2391 2091 refellere
2426 2038 2630 2093 studet.

329 2127 532 2182 Matris
584 2144 786 2182 nomen
832 2125 846 2144 ‘
863 2123 1078 2182 Carme'
1141 2131 1424 2181 testantur
1472 2126 1793 2181 Antoninus
1842 2125 2117 2181 Liberalis
2162 2126 2464 2181 Pausanias
2500 2127 2633 2180 Dio-

331 2214 504 2270 dorus
540 2215 578 2268 1.
610 2215 653 2269 -1.

533 2306 552 2338 ¹
589 2303 874 2359 Romanus
909 2304 1282 2373 paraphrasta
1303 2303 1587 2375 Vergilius
1622 2303 1783 2376 (Buc.
1807 2303 1951 2366 VIII,
1990 2307 2061 2358 64
2088 2308 2190 2373 sq.)
2227 2304 2473 2358 nativam
2504 2302 2633 2356 sim-

329 2393 644 2462 plicitatem
680 2393 740 2446 in
778 2392 1154 2462 descriptione
1191 2393 1396 2448 amoris
1444 2394 1649 2448 sensim
1699 2393 1869 2448 altius
1916 2397 2086 2462 atque
2136 2392 2305 2447 latius
2356 2391 2630 2461 serpentis

331 2481 498 2552 plane
534 2482 858 2552 suppressit.
2449 2554 2454 2557 -

534 2571 556 2603 ²
595 2570 677 2625 Cf.
716 2570 896 2625 Schol.
932 2588 986 2625 v.
1027 2572 1120 2625 69:
1159 2567 1300 2641 πρὸς
1335 2567 1435 2636 τὴν
1471 2564 1718 2638 Σελήνην
1748 2574 1840 2623 καὶ
1876 2566 1974 2637 τὴν
1996 2564 2221 2637 Ἑκάτην
2246 2575 2403 2642 φησί.
2440 2563 2633 2630 ταύτας

327 2657 435 2729 γὰρ
477 2656 770 2729 συνεργοὺς
813 2662 888 2717 εἰς
924 2656 1023 2726 τὴν
1061 2661 1188 2727 περὶ
1228 2657 1514 2729 ἐρωμένου
1551 2663 1911 2730 φαρμακείαν
1946 2652 2393 2729 παραλαμβάνει·
2432 2655 2531 2725 τὴν
2569 2659 2633 2712 δὲ

327 2749 438 2802 τῶν
476 2748 844 2820 φαρμακειῶν
880 2741 1155 2801 ὑπόθεσιν
1193 2747 1254 2800 ἔκ
1303 2748 1413 2801 τῶν
1450 2740 1763 2818 Σώφρονος
1795 2752 1990 2819 μίμων
2025 2752 2343 2819 μεταφέρει.
2388 2777 2445 2785 ·-
2490 2768 2635 2820 φαρ-

329 2836 577 2908 μακειῶν
615 2854 755 2891 corr.
794 2836 1005 2904 Adert3
1053 2836 1174 2891 cod.
1214 2831 1530 2907 φαρμάκῶν
1565 2835 1710 2905 (sic.)
1746 2833 1926 2889 ‘haud
1963 2836 2131 2891 dubie
2168 2854 2273 2906 pro
2312 2854 2636 2908 φαρμακευ-

329 2922 536 2995 τριῶν’,
595 2930 660 2980 ut
707 2925 970 2980 Duebner
1029 2925 1278 2979 adnotat.
1371 2924 1508 2979 Inde
1567 2943 1835 2995 perversa
1892 2926 2082 2995 opinio
2137 2929 2263 2981 orta
2319 2929 2403 2979 est
2425 2922 2635 2980 “Theo-

333 3015 540 3070 critum
576 3019 762 3070 totum
798 3013 1032 3069 alterius
1071 3014 1332 3069 carminis
1361 3010 1755 3084 argumentum
1780 3024 1813 3069 a
1844 3013 2133 3084 Sophrone
2156 3018 2477 3069 mutuatum
2504 3032 2638 3069 esse.

332 3105 412 3157 At
450 3104 786 3159 scholiastae
823 3104 1013 3170 verba,
1051 3103 1098 3157 si
1133 3103 1215 3157 ita
1252 3103 1678 3173 intelleguntur,
1716 3102 1777 3157 in
1812 3103 1999 3157 medio
2040 3104 2441 3159 commentario
2479 3122 2641 3159 neco-

333 3193 529 3261 pinato
569 3193 912 3262 interspersa
951 3192 1105 3245 haud
1140 3192 1253 3245 levi
1291 3190 1586 3246 offensioni
1624 3196 1772 3245 sunt.
1849 3191 2012 3246 Adde
2052 3193 2201 3261 quod
2247 3194 2642 3262 praecedentia

337 3280 533 3334 scholii
589 3280 762 3336 verba
799 3281 1126 3349 neutiquam
1163 3280 1296 3335 huic
1344 3280 1802 3350 interpretationi
1848 3279 2059 3335 favent.
2138 3280 2409 3349 Quocirca
2464 3284 2640 3351 perti-

336 3369 555 3423 naciter
591 3386 845 3423 assevero
865 3369 1143 3424 Adertum
1182 3369 1490 3424 rectissime
1528 3368 1747 3439 legisse,
1784 3386 1855 3423 ne
1895 3368 2079 3423 dicam
2110 3370 2455 3439 emendasse3
2492 3371 2641 3425 unde

337 3458 608 3513 nimirum
648 3458 926 3525 discimus,
965 3458 1116 3527 quod
1154 3458 1316 3513 unice
1353 3458 1425 3513 ad
1462 3476 1584 3513 rem
1621 3457 2105 3514 accommodatum
2136 3463 2237 3521 est,
2282 3458 2642 3514 Theocritum

343 3546 402 3600 in
435 3547 628 3616 priore
666 3546 928 3601 carminis
965 3550 1131 3617 parte
1169 3553 1564 3617 argumentum
1600 3548 1635 3601 i.
1675 3564 1720 3601 e.
1763 3551 2101 3616 apparatum
2146 3564 2431 3602 sacrorum
2469 3549 2643 3617 magi-

343 3652 536 3689 corum
575 3652 607 3689 a
642 3636 878 3690 muliere
915 3639 1138 3690 amante
1163 3636 1374 3690 factum
1401 3654 1433 3689 a
1455 3635 1751 3704 Sophrone
1781 3635 2123 3704 repetivisse,
2159 3636 2390 3690 minime
2416 3636 2641 3705 quidem

343 3722 653 3794 integrum:
692 3722 790 3790 τὴν
833 3724 896 3778 δὲ
937 3718 1238 3778 Θεστῦλιδα
1277 3722 1307 3778 ὁ
1349 3719 1637 3794 Θεόκριτος
1674 3718 2047 3795 ἀπειροκάλως
2093 3725 2154 3778 ἐκ
2194 3726 2304 3779 τῶν
2336 3720 2646 3796 Σώφρονος

342 3807 641 3883 μετήνεγκε
666 3818 888 3885 Μίμων
923 3813 1128 3883 (Schol.
1167 3813 1247 3866 Id.
1287 3813 1342 3866 II
1380 3813 1552 3884 Arg.).
1628 3814 1770 3868 Nam
1810 3814 1893 3867 rei
1930 3817 2134 3869 natura
2173 3813 2301 3881 fert,
2339 3818 2403 3867 ut
2440 3814 2645 3869 ancilla

345 3900 404 3954 in
453 3919 653 3957 scaena
700 3919 814 3956 non
864 3906 1020 3956 muta
1071 3920 1310 3971 persona
1361 3902 1553 3971 fuerit,
1611 3908 1677 3957 ut
1732 3902 1841 3955 iam
1890 3901 2107 3955 Botzon
2159 3902 2482 3957 observavit
2538 3903 2645 3972 (De

343 3988 618 4060 Sophron.
658 3996 714 4045 et
749 3990 1027 4045 Xenarch.
1063 3990 1324 4061 Mimogr.
1367 3991 1565 4060 Gymn.
1606 3990 1802 4061 Progr.
1839 3990 1992 4059 Lyck
2032 3992 2183 4045 1856.
2220 4008 2276 4059 p.
2316 3993 2364 4045 8.
2402 3993 2501 4060 2.);
2539 3992 2645 4046 hoc

345 4078 608 4134 dist-rime
646 4079 934 4135 Theocriti
972 4097 1195 4134 carmen
1240 4097 1439 4135 revera
1476 4080 1662 4133 minus
1710 4081 1970 4134 limatum
2020 4079 2256 4133 exstitit.
2310 4109 2381 4119 —
2437 4079 2645 4135 Contra

344 4168 511 4222 alteri
550 4169 815 4223 carminis
853 4168 1025 4237 parti,
1067 4168 1126 4220 in
1165 4185 1275 4237 qua
1309 4168 1502 4222 fabula
1541 4168 1819 4222 amatoria
1856 4168 2004 4221 nude
2040 4171 2352 4235 enarratur,
2389 4184 2511 4221 cum
2548 4166 2643 4221 So-

343 4255 558 4324 phrone
593 4257 987 4328 mimographo
1024 4261 1194 4325 poeta
1232 4257 1482 4311 scaenico
1519 4256 1665 4310 nihil
1711 4260 1795 4311 est
1840 4273 2148 4310 commune.
2198 4252 2448 4309 Dindorf
2468 4256 2646 4326 igitur

344 4343 422 4412 (p.
471 4344 596 4413 124)
659 4345 850 4399 omnia
909 4362 1130 4398 sursum
1181 4344 1442 4399 deorsum
1497 4343 1747 4399 versavit
1806 4348 1934 4413 post
1977 4337 2350 4413 ἀπειροκάλως
2403 4344 2648 4397 inserens

347 4437 692 4503 προςέθηκεν
727 4428 822 4493 οἷς.
897 4432 1157 4488 Ceterum
1204 4432 1357 4488 haud
1405 4434 1519 4489 scio
1567 4451 1639 4487 an
1686 4432 1930 4488 alterum
1976 4432 2121 4487 illud
2158 4432 2410 4487 scholion
2448 4430 2522 4502 (v.
2559 4431 2649 4500 69)
