3157 5028
1492 379 1561 432 63

376 550 494 632 (Μ.
549 553 673 617 530
715 571 826 635 sq„
871 551 953 616 H.
997 553 1028 616 1
1059 549 1197 635 sq.).
1283 551 1547 616 Prorsus
1590 551 1853 633 denique
1894 550 1960 615 in
2008 570 2075 616 eo
2122 549 2474 628 concinunt,
2518 549 2683 632 quod

377 655 648 737 cognato
693 653 940 718 nomine
983 653 1152 718 furta
1196 653 1404 734 tegere
1435 651 1719 730 suadent,
1765 653 1838 716 ut
1868 653 1983 717 hoc
2016 652 2333 734 praetexto
2364 651 2680 732 amplexus

371 756 524 820 dent
569 756 632 820 et
676 755 886 819 oscula
928 753 1196 836 iungant
1241 753 1352 832 (M.
1380 754 1503 817 558
1537 771 1649 835 sq.‚
1696 753 1777 816 H.
1813 754 1932 818 137
1964 753 2104 837 sq.).
2150 752 2388 817 Notum
2430 751 2680 834 quidem

371 858 468 922 est
512 855 805 921 Ovidium
845 855 1097 919 tantum
1141 855 1238 918 sui
1282 854 1518 937 ingenii
1569 855 1916 920 amatorem
1962 853 2170 928 fuisse,
2218 853 2288 917 ut
2316 853 2483 917 totos
2512 852 2679 916 locos

371 975 444 1021 ex
490 957 686 1020 altero
736 956 803 1019 in
850 955 1114 1019 alterum
1163 971 1411 1017 carmen
1468 953 1835 1018 transferret
1900 954 2008 1032 (cf.
2055 954 2175 1017 Leo
2226 954 2265 1017 l.
2315 953 2355 1016 l.
2402 972 2459 1034 p.
2511 953 2678 1031 169).

371 1057 495 1122 Sed
541 1075 709 1134 cave,
757 1074 830 1120 ne
873 1054 1185 1136 captiosae
1229 1053 1335 1116 isti
1380 1054 1812 1134 probabilitati
1854 1054 2115 1118 nimium
2162 1056 2422 1120 tribuas,
2511 1052 2676 1117 Nam

372 1158 537 1240 quod
587 1156 800 1240 Byblis
845 1156 1064 1221 scribit
1106 1176 1165 1221 v.
1211 1157 1330 1219 551
1372 1174 1495 1238 sq.:

677 1259 815 1322 iura
860 1277 1030 1323 senes
1076 1257 1288 1321 norint
1331 1258 1394 1322 et
1436 1258 1586 1340 quid
1631 1258 1940 1340 liceatque
1986 1259 2281 1341 nefasque

670 1362 887 1443 fasque
929 1360 1013 1424 sit
1056 1359 1379 1441 inquirant
1422 1358 1757 1441 legumque
1800 1360 2085 1425 examina
2129 1360 2406 1425 servent:

669 1462 1036 1528 conveniens
1081 1460 1290 1524 Venus
1336 1461 1430 1524 est
1476 1461 1659 1530 annis
1701 1461 2031 1526 temeraria
2074 1461 2337 1536 nostris;

371 1565 436 1629 id
483 1565 721 1644 melius,
769 1583 957 1646 quam
997 1561 1206 1627 Ovidii
1234 1561 1518 1626 Phaedra
1551 1582 1607 1626 v.
1642 1563 1793 1627 154:
1833 1560 2017 1644 ‘quid
2063 1562 2293 1645 deceat,
2340 1581 2463 1626 non
2508 1561 2678 1626 videt

372 1667 539 1730 ullus
584 1657 849 1744 amans'‚
895 1666 1064 1746 prior
1107 1663 1426 1745 Euripidis
1452 1662 1737 1728 Phaedra
1781 1663 2062 1727 illustrat
2105 1663 2225 1747 frg.
2272 1665 2430 1728 436:
2478 1658 2679 1746 ἔγωγε

373 1765 544 1854 φημὶ
565 1767 674 1830 καὶ
698 1761 898 1848 νόμον
922 1788 988 1850 γε
1011 1760 1099 1851 μὴ
1125 1764 1340 1846 σέβειν
1362 1765 1495 1830 κτλ.
1525 1766 1628 1846 (cf.
1651 1766 1770 1849 frg.
1789 1768 1960 1850 433),
1987 1767 2086 1831 cui
2111 1766 2374 1832 Senecae
2395 1767 2678 1832 Phaedra

373 1869 532 1933 nihil
580 1869 744 1934 cedit
791 1869 1022 1958 nutrici
1065 1867 1431 1950 disputanti,
1480 1867 1637 1949 quid
1678 1867 1773 1932 fas
1818 1869 1903 1932 sit
1940 1886 2011 1933 ac
2041 1868 2272 1947 deceat,
2308 1869 2679 1952 respondens

373 1989 435 2034 v.
480 1972 630 2035 218:
673 1967 938 2034 ‘amoris
984 1970 1049 2033 in
1095 1987 1194 2032 me
1237 1969 1581 2033 maximum
1611 1988 1870 2051 regnum
1916 1959 2116 2050 puto'.
2187 1969 2420 2035 Eadem
2450 1970 2515 2033 in
2544 1969 2680 2051 ipsa

375 2073 580 2154 prima
623 2070 951 2153 Hippolyti
1000 2070 1475 2152 compellatione
1519 2068 1665 2133 deos
1707 2070 1958 2135 invocat
2002 2091 2061 2136 v.
2106 2072 2256 2135 604:
2300 2064 2445 2136 ‘vos
2485 2072 2681 2136 testor

376 2189 589 2236 omnes
639 2171 908 2248 caeliteS,
975 2171 1090 2234 hoc
1145 2169 1310 2252 quod
1357 2160 1526 2234 volo'
1582 2206 1667 2214 —
1724 2171 2034 2253 suppleas:
2105 2190 2204 2236 me
2267 2172 2477 2248 nolle,⁸
2514 2172 2679 2254 quod

373 2273 566 2337 etiam
611 2271 895 2336 nonnulli
946 2270 1183 2335 codices
1232 2272 1544 2353 praebent.
1666 2271 1881 2355 Neque
1946 2273 2192 2338 Milesia
2257 2274 2465 2356 puella
2532 2273 2677 2338 deos

376 2393 497 2438 non
542 2373 812 2438 testatur
857 2373 1189 2455 omniaque
1232 2392 1296 2436 se
1340 2372 1554 2450 fecisse
1600 2373 1832 2452 scribit,
1885 2374 1957 2437 ut
1998 2374 2249 2440 tandem
2281 2375 2490 2439 sanior
2519 2375 2677 2438 esset

378 2495 434 2540 v.
483 2475 600 2539 541
650 2476 821 2556 sq.¹;
866 2474 1192 2557 subiungit
1237 2494 1294 2539 v.
1341 2474 1493 2538 543:

774 2576 1172 2658 pugnavique
1217 2576 1322 2640 diu
1372 2577 1644 2642 violenta
1691 2575 2014 2659 Cupidinis
2058 2596 2235 2643 arma
2680 2618 2719 2635 -

777 2676 1044 2758 effugere
1085 2677 1317 2757 infelix,
1365 2680 1428 2743 et
1469 2678 1627 2760 plus,
1684 2698 1871 2760 quam
1916 2678 2075 2743 ferre
2119 2678 2391 2760 puellam

769 2795 948 2857 ,posse
993 2778 1187 2858 putes,
1235 2796 1348 2860 ego
1395 2777 1550 2843 dura
1594 2778 1713 2844 tuli
1760 2798 1809 2844 e.
1856 2798 1916 2861 q.
1960 2797 2007 2842 s,

375 2880 579 2960 Quam
609 2877 858 2960 quidem
886 2897 1160 2960 pugnam
1186 2860 1336 2942 item
1367 2876 1574 2942 Ovidii
1605 2877 1891 2943 Phaedra
1936 2878 2137 2943 obiter
2180 2878 2393 2961 tangit
2437 2899 2496 2944 v.
2525 2880 2675 2957 151;

375 2981 480 3046 sed
545 2979 747 3044 multa
797 2980 890 3043 est
941 2980 1006 3042 in
1068 2999 1141 3044 ea
1197 2979 1587 3062 depingenda
1642 2979 1956 3062 Euripidis
2015 2980 2213 3045 altera
2267 2979 2550 3045 Phaedra
2615 3000 2672 3045 v.

375 3083 498 3146 388
537 3101 628 3163 sq.
673 3117 746 3125 —
776 3080 899 3144 Hic
947 3082 1154 3145 autem
1199 3080 1547 3162 paullulum
1594 3080 2024 3145 subsistamus.
2113 3080 2279 3146 Nam
2314 3080 2679 3146 Alexandri-

377 3203 520 3247 nam
565 3184 761 3247 artem
810 3182 973 3264 apud
1005 3181 1317 3246 Nasonem
1349 3182 1580 3263 passim
1626 3182 1977 3247 delitescere
2021 3182 2129 3265 qui
2162 3183 2436 3247 nondum
2466 3182 2677 3264 sensit,

375 3284 655 3347 conferat
701 3302 839 3347 cum
886 3282 1164 3347 versibus
1209 3282 1392 3347 modo
1449 3282 1723 3347 laudatis
1769 3283 2178 3348 Parthenium
2226 3286 2377 3351 erot.
2426 3286 2543 3348 11:
2613 3276 2675 3347 οἱ.

376 3383 448 3447 δὲ
491 3382 762 3460 πλείους
802 3378 919 3471 τὴν
959 3381 1242 3463 Βυβλίόα
1286 3381 1486 3467 φασὶν
1531 3380 1930 3463 ἐρασθεῖσαν
1974 3384 2092 3448 τοῦ
2134 3380 2401 3449 Καύνου
2446 3378 2677 3469 λόγους

374 3475 559 3571 αὐτῷ
618 3483 1064 3571 προςφεέηειν2
1119 3483 1226 3548 καὶ
1283 3483 1549 3548 δεῖσθαι
1596 3478 1683 3571 μὴ
1743 3485 2067 3567 περιιδεῖν
2129 3476 2329 3549 αὐτὴν
2381 3480 2476 3562 εἷς
2543 3485 2677 3549 πᾶν

583 3639 598 3669 ¹
637 3638 830 3707 Byblis
882 3637 1140 3705 precibus
1189 3637 1303 3691 suis
1353 3637 1512 3705 quasi
1564 3637 1857 3707 fastigium
1912 3637 2153 3707 imponit
2208 3638 2393 3692 verbis
2447 3656 2501 3691 v.
2542 3639 2673 3691 561:

369 3724 384 3741 ²
409 3726 675 3780 miserere
711 3725 942 3780 fatentis
981 3722 1284 3795 amorem'3
1339 3726 1532 3780 eadem
1571 3744 1787 3780 summa
1825 3727 2136 3782 novercalis
2176 3727 2577 3782 obsecrationis
2618 3728 2675 3780 in

373 3816 562 3883 priore
599 3815 906 3883 Hippolyto
944 3814 1057 3868 fuit
1094 3814 1184 3883 (cf.
1222 3831 1390 3883 supra
1425 3832 1481 3884 p.
1523 3816 1633 3881 35).

580 3904 602 3937 ²
638 3903 824 3957 Verba
880 3899 1078 3972 loyor·-
1092 3904 1181 3957 vel
1233 3899 1428 3972 λόγους
1482 3906 1815 3975 προςφέρειν
1867 3904 1960 3958 vel
2008 3904 2395 3975 προςπέμπειν
2449 3904 2677 3975 proprie

378 3990 716 4045 adhibentur
760 3992 820 4045 in
869 3992 1073 4046 amoris
1130 3991 1539 4062 significat-ione
1586 3992 1703 4047 sive
1731 3992 1812 4046 ab
1858 3992 1979 4061 ipso
2018 3998 2271 4048 amatore
2306 3994 2423 4049 sive
2460 4012 2561 4063 per
2598 3995 2675 4047 al·

381 4082 562 4133 teram
601 4097 896 4149 personam
933 4080 1115 4149 facta3
1167 4080 1235 4135 cf.
1273 4082 1411 4151 Arg.
1451 4081 1589 4135 Eur.
1625 4082 1775 4151 Hip„
1814 4082 2081 4137 Parthen.
2125 4086 2208 4152 17,
2245 4085 2453 4146 Anton.
2490 4083 2676 4138 Liber.

377 4170 462 4236 34,
499 4169 759 4236 Apollod.
796 4168 869 4236 ΙΙ,
908 4170 958 4223 3.
998 4170 1030 4220 2
1088 4169 1188 4238 ΙΙΙ,
1230 4169 1312 4224 13.
1355 4172 1402 4229 3,
1459 4170 1715 4240 Xenoph.
1750 4171 1954 4241 Ephes.
1993 4171 2092 4240 ΙΙΙ,
2137 4174 2202 4225 12
2259 4172 2353 4241 IV,
2392 4174 2443 4240 5,
2499 4171 2675 4241 Long.

376 4256 523 4311 Past.
549 4256 648 4320 III,
680 4258 768 4310 26.
805 4286 860 4333 Τ-
894 4256 1124 4311 Lucian.
1160 4258 1312 4312 deor.
1340 4258 1470 4312 dial.
1493 4258 1584 4325 VI,
1612 4261 1675 4313 2:
1716 4260 2062 4329 Ganymedes
2088 4261 2465 4315 amatorculus
2491 4260 2675 4329 primo

375 4349 624 4415 nugatur
660 4349 884 4399 tantum
921 4362 1048 4400 cum
1078 4347 1290 4402 Iunone
1301 4364 1316 4415 ;
1351 4352 1639 4416 postremo
1682 4349 1852 4403 etiam
1890 4349 2058 4404 audet
2094 4344 2288 4420 λόγους
2324 4354 2674 4421 προςφέρειν.

381 4431 486 4487 Sed
523 4439 652 4489 ante
689 4434 1134 4488 Alexandrinum
1175 4439 1394 4504 tempus
1433 4437 1749 4505 exemplum
1786 4455 1900 4492 non
1937 4438 2141 4492 inveni
