3157 5028
1632 384 1701 440 18

517 557 807 622 sanatum
849 555 926 619 iri
973 555 1312 633 affirmant,
1359 574 1556 638 neque
1602 556 1865 638 denique
1908 553 2109 620 ullum
2153 555 2218 620 id
2252 574 2449 639 genus
2476 556 2813 621 remedium

513 659 780 722 exstare:
827 656 1132 721 Theocrit.
1178 656 1270 720 Id.
1317 655 1484 740 XIV,
1530 659 1631 722 52.
1693 657 1937 723 Heliod.
1984 657 2166 722 Aeth.
2210 657 2317 739 IV,
2361 658 2417 721 7.
2494 656 2815 723 Chariton.

511 759 789 841 Aphrod.
838 758 942 840 VI,
989 759 1046 823 3.
1097 758 1151 823 7.
1222 758 1455 823 Tibull.
1499 758 1585 842 ΙΙ,
1631 761 1689 824 3.
1738 759 1817 824 13
1864 777 1953 841 sq.
2010 757 2192 824 Ovid.
2238 757 2388 823 Her.
2433 759 2509 837 V,
2559 759 2679 822 149
2724 777 2815 841 sq.

512 859 662 923 Met.
697 859 745 936 Ι,
778 861 900 923 523
933 878 1024 941 sq.
1071 894 1155 904 —
1195 859 1390 924 Plura
1421 861 1630 925 autem
1654 861 1721 924 in
1750 859 2022 924 Morrhei
2065 859 2475 941 descriptione
2519 858 2819 924 desiderio

515 958 963 1024 Chalcomedae
1005 959 1336 1042 flagrantis
1380 960 1464 1040 (N
1471 979 1611 1024 onn.
1648 961 1903 1043 Dionys
1932 957 2224 1039 XXXIV,
2272 961 2301 1023 l
2335 959 2457 1042 sq.)
2500 959 2819 1024 Phaedrae

514 1061 879 1125 memoriam
925 1059 1215 1126 afferunt.
1303 1060 1468 1126 Nam
1514 1061 1859 1138 Μο11·110113,
1907 1079 2090 1144 quem
2136 1061 2317 1142 poeta
2363 1060 2439 1124 de
2484 1060 2681 1125 animi
2720 1061 2820 1125 in-

513 1162 868 1242 constantia
901 1181 975 1226 ac
1004 1161 1259 1226 flexibili
1285 1161 1609 1227 voluntate
1632 1181 1839 1226 secum
1866 1163 2224 1244 querentem
2258 1161 2550 1244 proponit
2582 1181 2637 1226 v.
2662 1162 2701 1225 8
2724 1181 2817 1244 sq.

516 1261 622 1342 (cf.
686 1262 830 1327 Eur.
877 1262 1026 1344 Hip.
1098 1282 1154 1328 v,
1203 1263 1379 1342 183),
1453 1261 1660 1326 furore
1714 1261 2019 1326 excitatus
2078 1263 2141 1326 et
2194 1261 2669 1346 circumvagans
2721 1262 2822 1326 in-

513 1363 878 1445 terpellatus
924 1383 961 1428 a
1008 1381 1182 1428 servo
1229 1363 1290 1426 et
1335 1361 1639 1428 desideria
1690 1362 1892 1427 fassus
1936 1363 2100 1426 hunc
2143 1363 2441 1444 implorat
2487 1382 2547 1427 v.
2597 1363 2707 1428 72:

799 1457 1066 1542 ‘'Yoome‚
1118 1453 1206 1550 μὴ
1263 1464 1539 1548 κρύψῃς,
1584 1463 1727 1526 τίνα
1770 1455 2085 1547 φάρμακα
2126 1461 2397 1526 ποικίλα
2438 1455 2717 1526 πάσσων

817 1559 1006 1629 ἔνδον
1050 1562 1206 1652 ἐμῇς
1251 1562 1515 1648 κραδίης
1553 1558 1822 1650 ἰήσομαι
1866 1559 2053 1640 ἕλκος
2090 1557 2409 1644 Ἐρώτων.

515 1666 710 1732 Poeta
773 1668 982 1749 epicus
1053 1665 1324 1735 remedia
1387 1668 1458 1730 ut
1513 1685 1754 1731 merum
1799 1667 2232 1731 ornamentum
2276 1665 2547 1732 amantis
2592 1667 2822 1730 descri-

445 1803 448 1807 ,
518 1769 720 1850 ptioni
769 1769 1054 1848 intexuit,
1099 1768 1178 1832 ad
1223 1787 1409 1850 quae,
1457 1787 1598 1833 cum
1644 1769 1826 1832 irrita
1874 1769 2031 1847 sint,
2095 1768 2307 1850 postea
2349 1786 2470 1832 non
2515 1767 2819 1850 recurrat;

517 1889 639 1934 non
685 1870 868 1934 aliter
912 1870 1211 1952 tragicus
1283 1906 1363 1915 —-
1432 1869 1641 1952 Atque
1684 1867 1782 1934 his
1824 1869 1977 1934 locis
2020 1869 2388 1934 examinatis
2432 1888 2553 1934 non
2599 1869 2817 1932 imma-

517 1972 656 2035 ture
727 1971 938 2035 videor
1012 1970 1284 2035 remedia
1343 1971 1617 2035 furorem
1670 1968 1955 2036 sedantia
1998 1970 2235 2052 primus
2277 1988 2613 2054 agnoscere
2656 1967 2819 2051 apud

517 2072 918 2154 Propertium
961 2071 1046 2149 ΙΙ,
1095 2072 1150 2135 1.
1193 2072 1267 2134 51
1317 2089 1441 2153 sq.:

818 2171 938 2238 Seu
983 2172 1138 2236 mihi
1183 2173 1330 2235 sunt
1371 2172 1693 2254 tangenda
1738 2191 2039 2238 novercae
2082 2172 2306 2252 pocula
2350 2171 2685 2250 Phaedrae,

914 2273 1135 2356 pocula
1179 2272 1464 2356 privigno
1512 2291 1637 2337 non
1680 2274 1965 2339 nocitura
2010 2292 2140 2356 su0,

815 2393 923 2438 seu
967 2373 1121 2438 mihi
1165 2371 1416 2438 Circaeo
1462 2373 1844 2455 pereundum
1880 2374 1972 2438 est
2005 2372 2309 2456 gramine,
2354 2371 2483 2436 sive

917 2474 1162 2541 Colchis
1209 2473 1593 2541 Colchiacis¹
1640 2476 1787 2541 urat
1830 2493 1985 2541 aena
2033 2474 2207 2559 focis,

819 2596 942 2641 una
987 2595 1155 2641 meos
1201 2576 1496 2657 quoniam
1543 2576 1841 2658 praedata
1886 2578 1980 2641 est
2023 2576 2255 2641 femina
2298 2594 2528 2653 sensus,

917 2698 985 2743 ex
1029 2678 1146 2742 hac
1191 2677 1495 2741 ducentur
1537 2677 1756 2743 funera
1800 2679 2015 2743 nostra
2058 2678 2259 2743 domo.

820 2778 1035 2844 Omnis
1081 2780 1384 2843 humanos
1429 2780 1615 2843 sanat
1657 2779 1967 2845 medicina
2014 2779 2282 2844 dolores:
2341 2861 2345 2865 .

919 2879 1084 2943 solus
1131 2898 1305 2943 amor
1350 2879 1554 2944 morbi
1600 2898 1722 2943 non
1769 2881 1943 2945 amat
1984 2879 2308 2944 artificem.

521 2978 878 3062 Sequuntur
922 2980 1197 3061 exempla
1243 2980 1630 3045 mirabilium
1674 2981 2093 3045 sanationum.
2185 2980 2379 3045 Totus
2410 2980 2616 3044 autem
2650 2978 2822 3043 locus

522 3082 766 3164 egregie
811 3081 1136 3163 respondet
1182 3082 1466 3164 inprimis
1513 3082 1715 3163 Longi
1761 3082 2053 3164 exemplo,
2116 3099 2259 3146 cum
2305 3080 2597 3159 medelae,
2665 3097 2824 3163 quae

520 3182 756 3247 frustra
821 3183 1049 3247 amoris
1102 3183 1316 3247 morbo
1383 3183 1781 3261 adhibentur,
1857 3182 2221 3247 dividantur
2285 3182 2353 3245 in
2407 3180 2700 3245 veneficia
2763 3180 2823 3244 et

523 3283 862 3347 medicinae
905 3283 1195 3347 remedia.
1285 3284 1343 3348 A
1388 3285 1729 3349 sententia:
1772 3278 1943 3349 ‘laus
1988 3284 2051 3347 in
2097 3301 2306 3348 amore
2351 3273 2540 3348 mori'
2583 3280 2667 3366 (v.
2713 3280 2822 3361 47)

522 3384 911 3465 proficiscens
974 3385 1156 3466 poeta
1210 3384 1514 3467 tanquam
1568 3386 1954 3450 vaticinatur
2018 3402 2085 3448 se
2159 3385 2321 3449 hanc
2376 3382 2624 3449 laudem
2678 3401 2823 3448 con-

523 3486 880 3549 secuturum
924 3504 1081 3560 esse;
1147 3485 1277 3550 fore
1331 3486 1496 3550 enim
1546 3504 1888 3568 nunquam,
1950 3486 2021 3549 ut
2087 3485 2205 3549 sibi
2266 3502 2440 3549 amor
2505 3484 2821 3566 eripiatur.

524 3586 698 3651 Haec
739 3606 864 3651 una
909 3586 1215 3651 sententia
1259 3588 1324 3651 in
1371 3588 1641 3651 extremo
1680 3588 1953 3651 carmine
1984 3586 2117 3651 fuse
2146 3585 2527 3664 illustratur,
2573 3586 2673 3649 cui
2702 3604 2823 3651 non

523 3687 941 3769 satisfaciunt,
1005 3687 1112 3769 qui
1159 3688 1536 3771 intellegunt
1593 3688 1828 3769 philtra
1884 3705 2158 3751 amorem
2212 3686 2568 3763 inicientia3
2632 3686 2823 3750 immo

524 3789 676 3853 haec
717 3788 1172 3870 interpretatio,
1236 3808 1595 3871 quanquam
1642 3790 1909 3872 primam
1954 3786 2510 3852 commendationis
2564 3786 2822 3867 speciem

524 3907 670 3970 prae
713 3907 778 3953 se
820 3888 957 3965 fert,
1005 3889 1300 3953 insereret
1341 3908 1587 3953 sensum
1618 3888 1802 3971 plane
1830 3907 2062 3954 novum
2092 3888 2490 3970 alienumque
2533 3906 2571 3952 a
2615 3886 2823 3951 nostro

526 3990 816 4054 carmine.
926 3989 1272 4068 Praeterea,
1341 3991 1396 4054 si
1441 3990 1591 4071 quid
1638 3989 1831 4071 sapio,
1894 3988 1997 4053 hic
2045 3990 2138 4053 est
2183 3988 2494 4071 Propertii
2538 4005 2689 4069 mos,
2754 3986 2824 4048 ut

527 4091 1002 4175 cogitationem,
1081 4108 1222 4154 cum
1290 4110 1413 4173 qua
1477 4090 1665 4155 semel
1732 4089 2009 4172 aliquam
2081 4088 2261 4171 quasi
2330 4086 2823 4153 familiaritatem

733 4336 752 4367 ¹
791 4335 880 4389 Ita
935 4334 1094 4403 libri;
1155 4334 1426 4405 Scaliger:
1487 4334 1756 4389 Iolciacis.
1819 4362 1887 4373 —
1953 4332 2218 4387 Codicum
2272 4331 2609 4400 scripturam
2667 4331 2827 4383 tueor

529 4427 762 4491 propter
800 4422 959 4477 Ovid.
998 4422 1157 4477 Rem.
1191 4424 1384 4477 Amor.
1423 4424 1524 4475 261
1569 4439 1680 4491 sq.;
1718 4439 1828 4490 quo
1866 4422 1990 4475 iure
2026 4421 2231 4475 statim·
2254 4420 2489 4474 videbis.
