3157 5028
1446 380 1546 434 111

345 555 618 622 ubertim
673 555 1094 622 adlacrimans
1139 553 1499 635 laciniaque
1551 553 1883 634 contegens
1936 551 2161 617 faciem
2204 571 2353 618 voce
2404 545 2645 635 trepida

345 660 436 724 sic
479 678 619 724 eum
663 657 930 723 breviter
977 654 1256 721 adfatur’
1317 673 1366 719 e.
1416 673 1474 736 q.
1521 672 1568 718 s.
1626 687 1705 698 —
1751 652 1925 734 Quae
1967 653 2071 718 hic
2113 653 2247 718 fuse
2291 656 2649 735 narrantur,

347 779 418 825 ea
461 759 672 826 omnia
717 759 784 822 in
831 757 1095 822 Senecae
1147 755 1474 838 tragoedia
1522 755 1933 836 reperiuntur.
2021 753 2189 819 Nam
2242 754 2450 820 eodem
2509 773 2650 820 cru·

348 861 562 927 ciabili
604 860 917 943 prooemio
960 877 1031 923 ea
1075 875 1297 922 scaena
1331 856 1627 921 exornata
1668 855 1779 934 est,
1822 875 1947 938 qua
1978 855 2261 920 Phaedra
2289 856 2647 939 privignum

345 963 699 1028 clanculum
757 960 893 1026 adit
955 959 1183 1024 blando
1251 955 1544 1039 adloquio
1604 956 1874 1021 delenire
1935 956 2186 1038 cupiens
2229 956 2312 1032 (v.
2356 958 2480 1022 592
2525 977 2649 1040 sq.;

349 1064 426 1128 cf.
471 1082 658 1145 supra
711 1082 771 1144 p.
815 1060 946 1145 33).
1032 1058 1379 1125 Identidem
1446 1057 1578 1136 illa,
1648 1058 1747 1122 cui
1806 1055 1951 1124 ‘ora
2012 1059 2243 1140 coeptis
2308 1059 2649 1147 transitum

349 1165 551 1230 verbis
595 1153 863 1246 negant'
907 1166 992 1238 (v.
1039 1162 1190 1240 602)
1252 1160 1469 1242 aptum
1522 1159 1841 1228 exordium
1898 1158 2133 1225 frustra
2197 1160 2650 1244 circumspicit3

348 1265 636 1347 idemque
679 1263 1100 1329 demonstravi
1133 1261 1204 1344 (l.
1247 1261 1320 1344 1.)
1352 1261 1727 1327 Ovidianam
1772 1261 2043 1342 puellam
2088 1261 2460 1344 significare.
2532 1263 2652 1327 At-

350 1385 469 1449 que
532 1365 797 1431 Senecae
861 1362 1238 1446 Hippolytus
1304 1362 1458 1427 item
1515 1363 1675 1427 nihil
1738 1362 2089 1444 suspicatus
2154 1362 2346 1428 simili
2410 1365 2651 1430 ratione

351 1467 603 1532 nutanti
632 1465 922 1532 subvenit
960 1483 1017 1532 v.
1040 1466 1192 1530 608:
1232 1461 1250 1486 ‘
1273 1463 1597 1529 committe
1640 1481 1821 1527 curas
1864 1463 2139 1542 auribuS,
2185 1467 2402 1546 mater,
2450 1467 2650 1532 meis'.

549 1568 695 1650 Ipsa
763 1566 1012 1650 quidem
1069 1564 1368 1630 confessio
1427 1564 1509 1630 ab
1562 1563 1829 1646 Apuleio
1882 1564 1948 1628 in
2001 1565 2248 1630 brevius
2302 1568 2654 1644 contracta3

355 1669 650 1735 nimirum
694 1667 944 1734 fabulae
975 1667 1359 1732 narratorem
1390 1665 1733 1748 legentium
1766 1666 2208 1747 exspectationi
2236 1669 2474 1732 erectae
2501 1668 2654 1733 adeo

351 1769 691 1853 providere,
756 1769 830 1832 ut
898 1769 1221 1834 mulierem
1285 1767 1459 1832 1111113
1496 1766 1882 1834 'circuitione
1942 1786 2119 1834 usam
2162 1770 2379 1834 statim
2424 1771 2654 1836 amoris

351 1891 531 1938 voces
597 1871 894 1936 audacter
955 1869 1370 1934 effundentem
1424 1868 1645 1951 fingat,
1701 1868 2179 1934 consentaneum
2223 1871 2334 1936 est.
2420 1871 2654 1936 Tamen

354 1975 546 2038 etiam
596 1990 759 2038 nunc
802 1972 868 2035 in
913 1971 1044 2036 eius
1089 1971 1293 2036 verbis
1345 1971 1564 2035 relicta
1630 1970 1794 2049 sunt,
1860 1989 2019 2054 quae
2084 1971 2386 2054 originem
2450 1973 2656 2038 mani·

353 2075 511 2141 festo
565 2073 863 2156 produnt3
926 2091 1070 2136 nam
1125 2072 1269 2154 post
1311 2071 1693 2154 prooemium
1738 2070 1813 2136 de
1856 2072 2041 2137 unica
2086 2070 2286 2137 salute
2328 2073 2393 2137 in
2437 2073 2656 2138 iuvene

355 2176 578 2259 posita,
643 2175 752 2257 qui
816 2173 1012 2238 oculis
1077 2173 1204 2237 suis
1269 2172 1627 2237 incendium
1678 2171 2103 2255 commoverit,
2156 2173 2389 2256 pergit:
2452 2169 2653 2256 ‘Ergo

355 2278 643 2342 miserere
683 2277 795 2340 tua
842 2293 1030 2339 causa
1082 2273 1394 2356 pereuntis
1460 2291 1572 2337 nec
1613 2273 1678 2338 te
1744 2273 1962 2356 religio
2013 2274 2209 2355 pat-ris
2253 2275 2505 2340 0111111110
2550 2275 2657 2340 de-

355 2377 605 2455 terreat,
675 2377 775 2441 cui
837 2375 1208 2440 morituram
1262 2393 1512 2457 prorsus
1567 2373 1843 2442 servabis
1893 2393 2159 2439 uxorem.
2247 2375 2429 2440 Illius
2490 2377 2654 2441 enim

357 2495 799 2563 recognoscens
859 2477 1200 2561 imaginem
1265 2477 1330 2542 in
1388 2478 1501 2543 tua
1554 2476 1714 2542 facie
1770 2477 1992 2543 merito
2036 2477 2099 2543 te
2143 2475 2357 2562 diligo.
2445 2479 2655 2545 Habes

361 2580 713 2647 solitudinis
777 2579 1025 2662 plenam
1087 2579 1398 2658 fiduciam,
1463 2580 1651 2645 habes
1718 2597 1909 2661 capax
1974 2580 2300 2644 necessarii
2363 2580 2657 2646 facinoris

360 2682 577 2747 otium.
666 2681 833 2747 Nam
878 2680 1042 2763 quod
1086 2700 1265 2746 nemo
1315 2680 1509 2759 novit,
1576 2700 1771 2763 paene
1814 2698 1934 2745 11011
1980 2669 2135 2745 fit'1.
2204 2716 2289 2725 —
2352 2680 2655 2761 Phaedra,

361 2784 692 2865 postquam
736 2781 1076 2847 identidem
1121 2781 1201 2847 ad
1245 2781 1482 2847 flebiles
1524 2799 1734 2863 preces
1778 2780 2122 2865 descendit,
2186 2782 2495 2871 postremo
2558 2783 2658 2847 iu-

361 2901 576 2947 venem
615 2881 866 2965 supplex
906 2884 1063 2961 orat,
1104 2885 1177 2947 ut
1207 2883 1499 2961 amantis,
1547 2902 1707 2966 quae
1749 2883 1817 2947 in
1845 2883 2026 2948 illum
2058 2901 2253 2947 unum
2282 2883 2657 2966 exardescat,

359 2982 757 3057 misereatur;
815 2984 996 3048 illum
1050 2984 1214 3048 diem
1271 2988 1384 3065 aut
1441 2984 1675 3049 doloris
1741 2985 1853 3049 aut
1899 2984 2065 3049 vitae
2113 2983 2298 3048 finem
2342 2978 2658 3048 facturum

361 3103 488 3148 esse
533 3082 675 3149 Sen.
719 3103 775 3148 v.
824 3084 948 3149 670
989 3104 1081 3167 sq.
1170 3085 1386 3168 Neque
1457 3085 1780 3168 religionis
1855 3084 2185 3161 excusatio,
2264 3085 2364 3149 cui
2435 3084 2660 3148 mulier

361 3184 474 3249 illa
517 3184 882 3268 antevertit,
938 3186 1002 3250 in
1048 3186 1390 3270 Hippolyto
1435 3187 1852 3270 desideratur,
1921 3186 2028 3270 qui
2072 3186 2262 3251 matri
2308 3185 2533 3266 oranti,
2589 3185 2660 3249 ut

362 3285 618 3350 viduam
671 3284 844 3350 ‘sinu
899 3288 1210 3369 receptam
1265 3288 1607 3371 supplicem
1659 3306 1730 3354 ac
1789 3277 2063 3353 servam³
2110 3287 2289 3369 tegat
2348 3291 2431 3362 (v.
2482 3286 2656 3368 622),

363 3386 453 3450 ita
514 3387 786 3451 occurrit
841 3407 899 3451 v.
955 3389 1080 3452 623
1137 3406 1262 3471 sq.:
1329 3387 1644 3453 ‘summus
1708 3388 1825 3453 hoc
1896 3406 2075 3452 omen
2151 3387 2299 3453 deus
2361 3388 2660 3468 Avertat3

364 3486 566 3552 aderit
638 3505 840 3570 sospes
907 3490 1194 3553 actutum
1266 3490 1509 3571 parens'
1580 3490 1685 3569 (cf.
1732 3509 1919 3572 supra
1972 3509 2028 3572 p.
2075 3488 2201 3569 34).
2290 3487 2429 3572 Sed,
2496 3489 2663 3571 quod

365 3606 492 3652 rem
538 3587 804 3666 conficit,
865 3587 1098 3653 femina
1141 3589 1256 3655 illa
1300 3590 1533 3655 incesto
1577 3590 1886 3656 latebram
1933 3590 2177 3673 quaerit
2220 3608 2520 3672 peraeque
2562 3609 2666 3655 ar-

365 3689 734 3771 gumentata
777 3708 842 3754 se
884 3690 1082 3771 patris
1123 3690 1464 3773 imaginem
1513 3691 1581 3754 in
1622 3690 1753 3756 filio
1798 3709 2252 3774 recognoscere,
2319 3691 2507 3774 atque
2555 3690 2666 3756 Se-

366 3805 551 3853 necae
596 3788 879 3853 Phaedra
925 3807 982 3854 v.
1029 3788 1152 3854 646
1194 3808 1305 3873 sq„
1356 3808 1512 3872 quae
1554 3790 1716 3855 hanc
1760 3792 2135 3856 sententiam
2178 3792 2311 3856 fuse
2354 3790 2665 3873 explicans

572 4058 590 4091 ¹
630 4056 896 4113 Crederes
934 4060 1199 4114 extremis
1235 4059 1322 4115 his
1358 4060 1545 4114 verbis
1584 4060 1859 4117 lubricam
1879 4060 2245 4130 Euripideam
2281 4078 2502 4116 morum
2538 4060 2664 4115 doc-

366 4146 578 4200 trinam
631 4148 879 4216 captiose
932 4149 1277 4204 ratiocinari.
1355 4148 1737 4204 Consimiliter
1792 4150 2019 4218 quidem
2064 4150 2351 4219 Sophoclis
2400 4149 2667 4203 Deianira

367 4233 568 4289 Trach.
607 4252 661 4289 v.
683 4236 788 4290 596
815 4254 921 4305 sq.:
961 4236 1036 4297 ώς
1071 4232 1251 4307 σκότῳ
1283 4239 1292 4306 Ι
1325 4230 1428 4292 κᾶν
1465 4235 1671 4309 αἰσχρὰ
1708 4234 1981 4312 πράσσῃς,
2016 4232 2205 4293 οὔποτ’
2232 4232 2464 4311 αἰσχύνῃ
2490 4242 2667 4290 πεσεῖ.

366 4322 604 4379 Nasonis
655 4322 912 4379 Phaedra
975 4325 1224 4380 affirmat
1283 4326 1504 4394 culpam
1559 4327 1679 4396 tegi
1727 4344 1906 4395 posse,
1950 4325 1962 4345 ‘
1981 4346 2082 4381 nec
2128 4327 2289 4381 labor
2332 4331 2432 4394 est,
2487 4325 2669 4379 celare

365 4408 516 4466 licet’
560 4412 712 4481 (Her.
751 4412 844 4475 IV,
890 4415 990 4467 137
1026 4416 1147 4483 sq.).
1545 4426 1550 4430 '
