3157 5028
1499 380 1598 434 101

395 550 587 615 thenii
663 549 1042 615 narrationis
1115 551 1374 617 octavae
1439 550 1665 616 titulus
1748 551 1974 616 diserte
2036 553 2347 619 testatur:
2423 549 2699 636 Ἱστορεῖ

397 643 876 736 Ἀριστόδημος
923 645 960 714 ὁ
1017 646 1314 728 Νυσαεύς
1369 650 1436 716 ἐν
1483 646 1528 716 ά
1565 651 1897 734 Ἱστοριῶν
1952 653 2109 737 περὶ
2160 650 2431 731 τούτων,
2488 651 2641 740 ula}
2663 681 2711 720 ν-

396 746 518 816 five.
561 750 651 817 τὰ
695 742 1055 834 ὄνὸματα
1096 746 1614 830 ὑπαλλάττει,
1652 743 1798 818 ἀντὶ
1836 747 2178 840 (Ηρίππης
2219 755 2434 820 καλῶν
2482 761 2694 822 Γυθυ-

392 851 564 935 μίαν,
627 848 742 918 τὸν
801 851 874 918 δὲ
935 846 1269 936 βάρβαρον
1336 848 1665 936 Καυάραν.
1775 856 1997 938 Itaque
2056 855 2261 939 lepida
2324 858 2555 924 fabella
2620 859 2696 924 de

392 955 756 1038 aegrotante
796 955 1106 1021 Antiocho
1148 955 1541 1021 Stratonicae
1591 975 1888 1022 novercae
1952 975 2162 1022 amore
2216 958 2537 1042 flagrante,
2593 961 2696 1026 cui

393 1055 552 1120 nihil
595 1054 858 1120 fortasse
907 1054 1058 1120 facti
1101 1056 1329 1137 subest,
1377 1057 1595 1122 multis
1638 1058 1853 1123 rivolis
1895 1057 2102 1136 fiuxit,
2149 1058 2342 1124 donec
2384 1060 2695 1142 postremo

392 1157 460 1221 in
524 1155 847 1222 Heliodori
916 1155 1301 1238 Aethiopicis
1361 1158 1638 1223 subsedit
1702 1158 1807 1239 (cf.
1875 1158 2090 1225 Rohde
2141 1160 2182 1226 1.
2227 1160 2270 1224 1.
2326 1180 2381 1243 p.
2428 1161 2511 1224 52
2552 1165 2694 1243 sq.).

396 1255 625 1321 Eodem
680 1256 949 1338 pertinet
1001 1257 1276 1341 mythica
1345 1258 1558 1324 fabula
1627 1259 1702 1325 de
1765 1259 2013 1325 infelice
2056 1260 2292 1339 iuvene,
2339 1259 2444 1343 qui
2488 1279 2698 1326 amore

395 1357 694 1439 superbae
736 1356 978 1440 puellae
1023 1357 1263 1436 ardena
1307 1358 1671 1441 repudiatus
1715 1379 1973 1425 manum
2016 1360 2135 1425 sibi
2178 1360 2393 1441 infert3
2448 1361 2527 1427 ad
2573 1361 2697 1426 Ar-

393 1457 606 1522 sinoen
651 1458 1080 1524 Nicocreontis
1132 1461 1295 1542 regis
1341 1461 1524 1544 Cypri
1586 1461 1782 1526 filiam
1848 1461 2047 1526 relata
2107 1461 2238 1546 illa,
2305 1481 2492 1546 quam
2544 1463 2696 1528 Ovi-

395 1558 534 1623 dius
578 1578 824 1641 prorsus
871 1559 1010 1625 aliis
1055 1561 1329 1644 personis
1371 1563 1601 1628 subicit
1632 1561 1810 1645 (Met.
1854 1562 2027 1641 XIV,
2054 1563 2175 1628 698
2208 1582 2331 1646 sq.;
2377 1564 2453 1630 cf.
2479 1563 2696 1629 Rohde

396 1658 436 1723 1.
483 1660 526 1724 1.
573 1679 635 1742 p.
680 1661 760 1724 79
805 1660 983 1743 sq.)¹.
1070 1662 1394 1728 Parthenii
1438 1663 1903 1729 narrationibus
1932 1662 2083 1728 XXI
2128 1667 2188 1728 et
2230 1663 2415 1728 XXII
2453 1663 2696 1748 Scyllae

395 1760 609 1827 fabula
653 1761 994 1844 exemplum
1052 1763 1288 1828 dedisse
1342 1764 1607 1829 videtur.
1711 1763 1995 1848 Cognata
2049 1766 2143 1829 est
2202 1765 2414 1830 fabula
2458 1764 2533 1829 de
2576 1764 2695 1830 Co·
2762 1786 2777 1792 “

394 1863 644 1928 maetho
704 1862 986 1929 Pterelae
1041 1864 1172 1928 filia
1240 1864 1553 1947 (Apollod.
1602 1865 1687 1944 II,
1735 1866 1795 1929 4.
1844 1865 1928 1945 7),
1997 1885 2186 1948 quam
2246 1865 2506 1930 Ovidius
2570 1864 2693 1946 (Ib.

395 1964 518 2028 359
580 1965 701 2046 sq.)
770 1983 910 2029 cum
977 1964 1184 2049 Scylla
1259 1967 1593 2047 componit.
1703 1967 1980 2032 Eandem
2046 1967 2309 2050 denique
2374 1967 2695 2032 heroinam

394 2065 717 2148 Propertio
761 2066 827 2130 in
871 2065 1171 2148 Tarpeiae
1214 2066 1428 2132 fabula
1483 2067 1834 2132 exornanda
1892 2068 2006 2149 (V,
2050 2069 2109 2133 4.
2161 2069 2236 2133 19
2282 2067 2412 2151 sq.)
2478 2067 2695 2132 obver-

395 2167 599 2231 satam
641 2185 769 2231 esse
812 2185 998 2250 supra
1041 2167 1224 2232 docui
1268 2171 1287 2242 (
1296 2188 1354 2250 p.
1400 2167 1510 2251 92)
1536 2171 1580 2234 2.
1669 2170 1919 2236 Similia
1978 2170 2255 2252 exempla
2312 2169 2552 2236 affatim
2600 2168 2696 2233 fa-

395 2266 510 2330 cile
553 2266 898 2350 indagabit,
946 2269 1054 2351 qui
1098 2269 1248 2336 data
1292 2290 1476 2353 opera
1519 2273 1587 2341 in
1630 2272 1791 2336 hanc
1833 2290 1962 2338 rem
2007 2270 2422 2354 inquisiverit.

601 2423 617 2453 ¹
655 2420 722 2473 In
760 2418 994 2474 diversis
1031 2419 1238 2488 mythis
1277 2420 1468 2475 eadem
1516 2423 1847 2474 ornamenta
1891 2424 1948 2474 et
1999 2420 2158 2489 quasi
2203 2419 2524 2475 fabularum
2576 2438 2694 2476 mo·

392 2512 582 2563 menta
619 2509 824 2563 iterum
863 2527 927 2563 ac
964 2508 1181 2578 saepius
1219 2509 1561 2578 deprehendi
1600 2509 1803 2577 sciunt,
1839 2508 1936 2578 qui
1972 2508 2233 2578 mythicis
2275 2510 2695 2578 quaestionibus

392 2598 595 2653 intenti
637 2603 782 2652 sunt.
859 2598 966 2653 Sed
1012 2616 1141 2652 cum
1195 2599 1256 2651 in
1307 2594 1629 2669 ‘legendis',
1688 2616 1825 2667 quas
1875 2601 2103 2653 auctore
2139 2596 2429 2653 Welckero
2476 2604 2695 2668 vocant,

391 2705 526 2743 vere
561 2688 807 2756 mythica
844 2686 1210 2741 fundamenta
1247 2687 1433 2741 desint
1471 2687 1564 2755 (cf.
1590 2686 1851 2741 Welcker
1879 2687 1974 2741 Gr.
2002 2687 2343 2742 G‘dtterlehr.
2383 2687 2405 2740 1
2445 2705 2499 2757 p.
2521 2688 2589 2739 95
2612 2705 2693 2756 sq.

392 2775 588 2830 Rohde
626 2777 660 2829 l.
699 2777 734 2830 l.
781 2794 835 2845 p.
875 2778 944 2829 24
982 2778 1101 2845 sq),
1156 2776 1672 2830 Alexandrinorum
1706 2780 2002 2844 poetarum
2058 2776 2390 2830 immodicae
2445 2775 2693 2846 fingendi

390 2863 652 2919 licentiae
689 2864 946 2932 equidem
984 2865 1108 2933 plus
1146 2864 1410 2933 ponderis
1448 2863 1764 2927 tribuerim,
1819 2882 1989 2933 quam
2028 2864 2225 2919 Rohde
2264 2862 2380 2931 (1.1.
2406 2881 2463 2932 p.
2483 2866 2551 2917 97
2574 2869 2696 2934 sq.),

393 2953 489 3022 qui
526 2954 645 3021 ipse
684 2953 742 3006 in
777 2953 1232 3007 Hermesianacte
1270 2957 1328 3007 et
1362 2953 1741 3022 Euphorione
1776 2957 1972 3021 aperta
2021 2952 2283 3007 licentiae
2321 2953 2564 3023 vestigia
2604 2953 2696 3007 de-

390 3041 551 3096 texit.
624 3041 705 3095 De
739 3040 1101 3110 Euphorione
1137 3041 1405 3096 Meinekii
1457 3042 1729 3096 iudicium
1776 3042 1953 3096 stabit
2004 3058 2131 3095 eum
2186 3038 2422 3111 ‘passim
2475 3041 2696 3095 fabulas

391 3147 494 3198 pro
551 3148 650 3184 suo
706 3130 941 3185 arbitrio
998 3135 1055 3184 et
1111 3129 1359 3185 consilio’
1417 3130 1742 3185 immutasse
1800 3130 1851 3195 (l.
1894 3132 1929 3184 l.
1971 3148 2025 3200 p.
2069 3132 2163 3199 333
2221 3129 2291 3185 cf.
2329 3148 2384 3199 p.
2424 3131 2511 3184 55.
2557 3129 2699 3199 146).

391 3218 558 3272 Absit
595 3219 790 3289 igitur,
846 3224 910 3274 ut
949 3237 1167 3289 semper
1205 3237 1272 3273 ex
1311 3220 1671 3287 CallimachO,
1728 3219 1825 3288 qui
1870 3218 1939 3273 de
1977 3236 2035 3273 se
2071 3218 2363 3289 praedicat
2411 3218 2521 3289 frg.
2560 3220 2695 3271 442:

391 3299 706 3377 ἀμάρτυρον
743 3303 909 3362 οὐδὲν
943 3304 1130 3376 ἀείδω,
1169 3312 1382 3363 ceteros
1418 3308 1745 3363 iudicemus.

598 3398 617 3428 ²
653 3397 984 3465 Propertius
1022 3398 1091 3451 de
1127 3396 1309 3461 Tatio,
1365 3398 1463 3467 qui
1499 3396 1801 3471 Tarpeiam
1838 3402 2149 3465 aversatur,
2205 3396 2359 3451 canit
2392 3413 2443 3449 v.
2481 3395 2551 3447 89
2587 3412 2695 3464 sq.:

690 3487 771 3539 At
808 3485 1003 3540 Tatius
1041 3486 1243 3554 (neque
1279 3487 1428 3540 enim
1466 3487 1663 3540 sceleri
1705 3486 1862 3539 dedit
1900 3485 2077 3540 hostis
2115 3484 2408 3552 honorem)

788 3571 986 3629 ‘nube'
1031 3576 1112 3630 ait
1144 3574 1234 3629 ‘et
1269 3576 1432 3645 regni
1475 3576 1678 3629 scande
1715 3575 1901 3628 cubile
1936 3569 2095 3628 mei'.

694 3661 873 3729 Dixit,
911 3666 968 3717 et
1005 3662 1238 3733 ingestis
1277 3664 1543 3718 comitum
1582 3680 1749 3733 super
1786 3662 1978 3717 obruit
2014 3662 2202 3716 armis.

388 3745 442 3805 Ὁ
477 3747 575 3815 τὴν
609 3754 836 3818 Λέσβου
872 3756 1049 3804 κτίσιν
1085 3746 1320 3817 ποιήσας
1374 3751 1591 3820 (Parth.
1628 3752 1785 3819 XXI)
1838 3750 2165 3818 Peisidicen,
2234 3767 2377 3819 quae
2426 3754 2697 3817 tanquam

395 3840 575 3893 altera
631 3839 816 3909 Scylla
871 3840 1174 3895 sceleratae
1228 3840 1450 3894 libidini
1498 3842 1745 3910 patriam
1797 3856 1862 3895 ac
1909 3840 2040 3893 deos
2090 3843 2321 3908 penates
2379 3836 2700 3908 gratificata

393 3934 532 3993 erat,
590 3933 818 3983 cantans
871 3928 1148 3983 Achillem
1204 3928 1426 3998 puellae
1490 3928 1792 3983 conubium
1856 3928 2229 3982 detestantem
2295 3926 2381 3980 his
2445 3924 2699 3979 versibus

395 4017 660 4071 celebrat:

1654 4085 1718 4141 οὐ
1756 4088 1807 4140 δ’
1846 4084 1876 4141 ὅ
1914 4090 1968 4158 γ’
2005 4090 2199 4161 ἔμελλε

691 4176 757 4229 τὰ
802 4180 991 4248 ῥέξειν,
1030 4174 1174 4247 ὀλοῷ
1211 4177 1262 4230 δ’
1303 4172 1668 4246 &narciacum
1707 4177 1971 4247 πατρίδος
2008 4182 2160 4247 οἴτῳ·

698 4264 818 4319 ἔνθ’
854 4260 886 4330 ἢ
923 4264 976 4333 γ’
1013 4260 1299 4319 αἰνότατον
1332 4260 1521 4336 γάμον
1556 4265 1729 4318 εἴσιδε
1766 4265 2045 4331 Πηλείδαο

677 4349 932 4422 Ἀργείων
974 4350 1080 4406 ὑπὸ
1114 4356 1279 4423 χερσὶ
1319 4348 1696 4424 δυσάμμορος,
1739 4357 1797 4405 οἳ
1828 4370 1931 4425 μιν
1966 4353 2217 4424 ἔπεφνον

693 4441 966 4515 πανσυδίῃ
1005 4442 1310 4514 θαμινῇσιν
1346 4436 1682 4512 ἀράσσοντες
1716 4435 2060 4495 λιθάδεσσιν.
