3157 5028
1481 359 1549 413 21

360 529 586 594 furtim
629 529 872 611 nititur,
915 528 1208 611 aperitur.
1256 528 1422 593 Nam
1453 547 1565 592 cur
1594 527 1705 593 illa
1734 548 1923 594 anum
1963 529 2257 612 ambigue
2284 550 2521 614 semper
2565 550 2664 594 re-

363 631 767 714 spondentem
821 631 884 694 et
933 629 1012 695 ad
1069 629 1413 694 extremum
1461 648 1567 712 per
1611 629 1911 695 Venerem
1968 631 2282 696 iurantem
2339 651 2463 696 non
2518 632 2669 697 reti-

363 732 548 796 neth
629 730 856 796 Nutrix
901 731 1131 807 autem,
1177 748 1334 811 quae
1381 729 1615 811 philtra
1659 731 2014 812 praetexens
2067 730 2144 795 de
2168 750 2291 795 uuo
2322 732 2666 817 Hippolyto

363 831 648 897 adeundo
691 830 1014 914 cogitabat
1056 830 1160 910 (cf.
1209 829 1410 895 Gloel.
1458 831 1513 895 1.
1564 830 1619 894 1.
1667 849 1725 911 p.
1772 829 1901 914 31),
1950 829 2182 913 insigni
2238 833 2476 898 astutia
2522 852 2667 899 con-

363 933 507 999 silia
549 935 684 998 tam
719 934 1012 1016 ambigue
1054 933 1352 1012 instituit,
1420 933 1492 998 ut
1535 951 1775 1015 semper
1818 933 2130 997 excusatio
2173 935 2419 1015 praesto
2476 936 2665 1010 esset;

361 1036 578 1118 itaque
599 1035 920 1100 Phaedrae
949 1035 1176 1100 acriter
1205 1053 1270 1100 se
1300 1037 1514 1116 postea
1546 1035 1907 1117 obiurganti
1940 1035 2272 1115 respondet
2308 1054 2366 1101 v.
2392 1036 2516 1100 698
2545 1054 2665 1118 sq.:

365 1134 486 1222 τῆς
542 1133 739 1199 νόσου
783 1133 857 1198 δέ
899 1155 1008 1200 σοι
1073 1140 1081 1215 Ι
1150 1134 1438 1220 ζητοῦσα
1491 1129 1778 1220 φάρμαχ’
1830 1119 2023 1216 εὗρον
2067 1136 2185 1215 οὐχ
2235 1132 2665 1220 ἆβουλόμηνΒ.

367 1236 600 1304 Contra
653 1237 944 1302 Phaedra
1009 1257 1120 1303 suo
1187 1239 1322 1304 iure
1393 1239 1624 1303 nutrici
1703 1237 2117 1316 conviciatur,
2210 1238 2436 1320 quippe
2513 1257 2672 1322 quae

368 1357 613 1404 omnem
657 1338 1018 1404 societatem
1070 1357 1212 1403 cum
1257 1338 1504 1403 sceleris
1566 1338 1857 1404 ministra
1910 1339 2213 1420 respuerit
2267 1338 2366 1403 vel
2418 1339 2669 1405 omnino

369 1441 498 1506 eius
543 1439 912 1522 praestigias
959 1459 1022 1504 se
1067 1459 1187 1505 non
1232 1440 1607 1505 intellexisse
1651 1440 1983 1505 simularit.
2054 1440 2218 1504 Nam
2264 1440 2330 1504 in
2373 1440 2511 1505 tota
2555 1441 2673 1504 hac

369 1541 730 1624 quaestione
764 1541 1099 1606 tenendum
1145 1543 1238 1606 est
1279 1540 1599 1606 Phaedrae
1628 1560 1826 1608 mores
1856 1542 1917 1605 in
1951 1542 2153 1624 priore
2179 1542 2395 1606 fabula
2426 1542 2669 1624 poetam

368 1643 433 1707 in
478 1643 780 1708 invidiam
827 1643 1169 1721 adduxisse,
1243 1645 1332 1722 ut,
1402 1662 1513 1707 cur
1556 1644 1967 1708 retractatam
2012 1643 2366 1708 Phaedram
2411 1644 2674 1709 ubicun-

374 1763 491 1827 que
535 1744 600 1807 in
644 1744 1029 1809 sermonibus
1069 1743 1359 1808 decorum
1403 1744 1753 1809 servantem
1799 1743 2065 1820 finxerit,
2112 1744 2335 1808 melius
2376 1746 2674 1826 perspici-

371 1864 567 1910 amuS.
657 1843 866 1909 Venus
911 1863 1046 1924 eam
1092 1843 1374 1921 εὐκλεῶς
1416 1845 1790 1912 morituram
1834 1863 1963 1910 esse
2006 1844 2308 1927 praedicit
2355 1851 2436 1922 (v.
2468 1848 2549 1912 47
2590 1847 2668 1915 cf.

373 1965 430 2009 v.
479 1947 661 2010 1300.
706 1946 871 2010 1304
905 1944 1048 2028 sq.)‚
1089 1946 1310 2010 chorus
1359 1946 1568 2011 autem
1595 1945 1946 2011 Phaedram
1990 1948 2063 2009 ut
2107 1947 2405 2028 optimam
2440 1967 2672 2027 earum,

375 2066 530 2130 quas
574 2065 848 2130 unquam
901 2047 1048 2112 solis
1093 2048 1199 2111 lux
1241 2047 1648 2125 collustrarit‚
1717 2047 2037 2112 mulierem
2083 2047 2373 2113 laudibus
2432 2048 2676 2112 extollit

371 2168 429 2215 v.
471 2149 594 2214 849
639 2166 731 2230 sq.
799 2146 970 2228 Quae
1015 2149 1242 2227 omnia,
1287 2167 1439 2212 num
1482 2149 1650 2212 stare
1693 2147 1950 2230 possint,
1996 2147 2049 2212 si
2092 2147 2377 2214 Phaedra
2431 2149 2675 2214 illicitis

375 2250 624 2332 philtris
669 2249 961 2332 parandis
1005 2250 1412 2315 acclamasset
1460 2251 1523 2315 et
1565 2268 1633 2314 se
1675 2249 1984 2316 malarum
2027 2249 2264 2314 artium
2306 2250 2673 2332 participem

375 2352 582 2433 aperte
659 2349 1049 2433 prodidisset,
1123 2353 1194 2414 ut
1239 2351 1661 2416 Wilamowitz
1728 2351 1897 2429 vult,
1971 2351 2363 2415 vehementer
2425 2349 2675 2434 dubit03

375 2451 876 2537 quandoquidem
935 2470 1056 2517 non
1102 2451 1177 2517 de
1218 2452 1489 2535 simplici
1533 2452 1926 2518 devinctione
1968 2451 2202 2536 agitur,
2266 2450 2372 2517 sed
2415 2451 2491 2517 de
2533 2452 2671 2536 tali,

377 2573 499 2637 qua
543 2554 972 2620 monstruosae
1024 2553 1302 2620 libidinis
1355 2552 1730 2620 desiderium
1774 2553 2139 2636 explendum
2200 2572 2275 2619 ac
2314 2553 2674 2619 satiandum

376 2656 620 2721 fueritss.

581 2972 598 3002 ¹
635 2970 968 3025 Extremum
1004 2969 1112 3025 hoc
1146 2970 1371 3041 egregie
1409 2970 1732 3024 observavit
1766 2969 2143 3025 Wilamovvitz
2180 2970 2217 3023 l.
2252 2969 2290 3022 1.
2327 2985 2384 3037 p.
2416 2968 2537 3031 214,
2578 2968 2676 3022 sed

378 3077 490 3114 non
547 3060 781 3129 primus.
855 3060 1067 3115 Eadem
1123 3060 1410 3129 eleganter
1456 3059 1646 3129 posuit
1690 3057 1857 3113 Patin
1917 3058 2131 3113 Etudes
2188 3074 2284 3112 sur
2338 3058 2418 3111 les
2471 3057 2676 3127 tragiq.

383 3148 550 3205 Grecs
585 3149 641 3203 11
677 3167 732 3219 p.
771 3150 894 3205 317.
1169 3148 1178 3155 '

584 3240 605 3271 ²
642 3239 856 3294 Eodem
893 3243 1148 3309 spectant
1185 3239 1342 3294 chori
1382 3239 1556 3293 verba
1594 3257 1647 3292 v.
1676 3238 1807 3292 597:
2112 3306 2125 3317 ὓ

903 3331 1095 3399 φίλως,
1131 3328 1306 3387 καλῶς
1343 3328 1394 3380 ‹5’
1431 3323 1496 3381 οὗ
1531 3320 1684 3395 τήνδ’
1722 3329 1931 3397 ἰωμένη
1971 3320 2159 3380 νόσον.

580 3418 602 3450 ³
640 3416 724 3471 Ne
759 3417 820 3470 in
859 3433 1114 3471 concesso
1154 3417 1380 3485 quidem
1417 3434 1608 3471 amore
1644 3416 1757 3469 illis
1797 3416 2143 3483 temporibus
2180 3414 2393 3483 philtra
2432 3413 2503 3466 ab
2527 3412 2682 3467 omni

385 3505 797 3575 vituperatione
851 3506 1030 3561 libera
1084 3505 1253 3559 fuisse
1308 3505 1598 3573 videntur3
1662 3505 1721 3557 in
1772 3521 1881 3573 quo
1931 3504 2013 3557 nil
2053 3503 2275 3569 mirum,
2336 3502 2613 3570 siquidem
2650 3518 2683 3555 a

380 3592 661 3649 veneficiis
697 3612 813 3648 non
849 3611 1066 3664 semper
1113 3595 1296 3649 aliena
1333 3594 1581 3648 fuerunt.
1655 3593 1852 3661 Itaque
1893 3592 2159 3646 Deianira
2206 3590 2374 3644 anxia
2418 3589 2681 3643 sollicita-

380 3683 534 3737 tione
570 3684 640 3738 de
677 3685 922 3738 consiliis
961 3685 1072 3738 suis
1111 3685 1397 3740 cruciatur
1435 3684 1604 3753 Soph.
1640 3682 1842 3738 Trach.
1881 3683 1985 3736 596
2012 3700 2091 3750 sq.
2168 3680 2418 3749 Opponit
2455 3678 2679 3748 quidem

381 3790 435 3827 v.
489 3774 592 3826 582
641 3790 722 3842 sq.
758 3773 976 3843 philtra
1031 3774 1194 3827 malis
1250 3774 1466 3827 artibus
1522 3774 1737 3840 (κακαῖς
1788 3766 2061 3841 τόλμαις);
2112 3769 2207 3823 sed
2263 3768 2435 3822 dubia
2488 3768 2680 3821 etiam-

383 3877 518 3914 num
551 3862 786 3917 haerere
823 3863 1064 3930 videtur,
1117 3880 1245 3917 cum
1290 3862 1518 3917 chorum
1572 3860 1971 3930 interrogando
2020 3859 2203 3927 adeat,
2257 3856 2681 3927 probandumne

385 3951 459 4004 sit
496 3951 609 4005 tale
645 3952 971 4006 remedium.
1047 3950 1167 4020 Qua
1219 3952 1278 4004 in
1333 3968 1396 4005 re
1426 3928 1752 4005 'tenendum
1801 3948 2026 4017 quidem
2085 3965 2208 4001 eam
2258 3946 2490 4000 fatalem
2526 3944 2684 3999 Nessi

383 4039 713 4093 memoriam
763 4040 990 4109 insuper
1039 4056 1244 4109 angere
1288 4040 1551 4109 potuisse.
1613 4069 1678 4078 —
1736 4040 2019 4093 Accurata
2066 4040 2255 4090 autem
2303 4034 2479 4089 totius
2517 4050 2682 4101 quae-

385 4128 582 4182 stionis
621 4129 957 4182 examinatio
983 4129 1042 4182 in
1069 4128 1230 4182 libris
1253 4128 1320 4181 de
1347 4126 1783 4196 antiquitatibus
1805 4126 2030 4181 Graecis
2056 4123 2424 4179 desideratur.
2452 4120 2679 4175 Wachs-

385 4216 548 4270 muth
587 4217 812 4285 quidem
850 4216 1283 4286 (Hell.A1terth.
1313 4216 1385 4285 H,
1427 4218 1472 4270 1.
1502 4216 1633 4285 2623
1673 4218 1722 4269 2.
1758 4216 1886 4283 210)
1924 4213 2213 4269 contendit
2251 4212 2685 4276 incantamenta,

387 4321 751 4373 quaecunque
788 4309 966 4373 erant,
1003 4300 1256 4373 ἀσεβείας
1296 4303 1554 4358 fraudem
1593 4303 1897 4357 admisisse.
1975 4301 2190 4355 Vellem
2237 4300 2382 4353 hanc
2430 4314 2547 4350 rem
2599 4313 2691 4349 ex-

385 4395 594 4468 plicate
648 4394 966 4466 probasset5
1030 4393 1352 4451 testimonia
1395 4392 1682 4448 contraria
1742 4390 2052 4445 cumulavit
2108 4388 2173 4445 L.
2222 4384 2450 4456 Georgii
2516 4383 2694 4452 Pauly
