3157 5028
1477 359 1543 410 91

361 531 782 598 coniecturam
827 531 902 596 de
944 529 1282 596 Parthenio
1328 526 1694 610 exemplaris
1736 529 1989 592 auctore
2040 526 2312 608 proxime
2364 527 2444 592 ad
2500 525 2661 591 veri-

359 633 560 699 tatem
603 632 905 698 accedere.
992 631 1164 713 Quae
1218 629 1531 695 conclusio
1587 629 1723 692 tum
1782 627 1990 693 forsan
2046 629 2331 694 omnibus
2391 628 2663 695 numeris

360 733 652 799 absoluta
695 734 872 810 esset,
939 733 992 796 si
1037 731 1112 797 de
1153 731 1393 796 duabus
1440 729 1566 794 illis
1610 730 1793 795 rebus
1838 728 2090 794 aliunde
2134 748 2257 794 non
2314 731 2663 806 constaret3

361 835 526 918 quod
573 835 759 917 longe
803 851 975 898 secus
1019 852 1084 898 se
1123 832 1327 898 habet.
1415 830 1583 896 Nam
1628 830 2129 894 testimoniorum
2172 849 2457 896 recensus
2500 831 2661 895 hanc

359 934 614 1001 fabulae
658 935 925 999 formam
969 933 1152 999 docet
1210 931 1376 998 haud
1426 948 1745 1014 quaquam
1796 930 2179 1013 singularem
2241 930 2447 996 fuisse.
2536 933 2663 995 Ac-

362 1037 592 1102 cedunt
645 1036 802 1112 alia3
867 1035 1244 1100 Parthenius
1298 1033 1542 1098 narrat:
1614 1030 1851 1108 Μίνως
1902 1061 1999 1077 -·
2023 1025 2406 1120 ἐνενοήσατο
2461 1024 2565 1096 ὅτι
2618 1029 2659 1116 ἦ

359 1132 478 1200 τὸν
534 1135 791 1219 πατέρα
843 1134 1188 1219 προδοῦσα
1243 1125 1511 1210 οὖόενὸς
1571 1125 1650 1196 ἂν
1710 1130 1953 1219 ῥᾳδίως
2004 1130 2317 1216 φείδοιτο,
2382 1130 2491 1195 καὶ
2555 1125 2661 1195 διὰ

359 1241 568 1303 τοῦτο
594 1232 967 1322 προςόήσας
1009 1229 1506 1320 πηδαλίῳνηός
1544 1228 1662 1320 τὴν
1708 1227 2029 1314 προδότιν
2064 1230 2171 1296 καὶ
2212 1225 2661 1319 πατροφόντιν

360 1331 573 1426 ἀφῆκε
629 1332 952 1424 σύρεσθαι
1004 1335 1112 1402 διὰ
1165 1329 1509 1420 θαλάσσης
1557 1333 1690 1402 κτλ.
1720 1338 1758 1398 ¹.
1848 1334 1982 1416 Quo
2042 1334 2177 1399 loco
2239 1335 2307 1399 in
2364 1333 2663 1398 tenuioris

361 1440 719 1524 argumenti
771 1439 1289 1522 complementum
1352 1438 1719 1503 arcessitum
1777 1455 1908 1503 esse
1971 1435 2219 1501 videtur
2280 1454 2659 1518 responsum,

363 1541 548 1625 quale
593 1540 818 1607 Ovidio
879 1545 1133 1606 auctore
1179 1540 1382 1604 Minos
1429 1538 1674 1622 Scyllae
1723 1557 2101 1621 purpureum
2167 1537 2397 1602 crinem
2464 1537 2664 1620 porri-

363 1642 538 1727 genti
575 1642 686 1707 dat
730 1643 880 1708 Met.
927 1641 1104 1719 VIII,
1150 1641 1231 1705 97
1275 1659 1396 1724 sq.:

661 1785 746 1849 Di
789 1785 853 1850 te
896 1783 1350 1866 summoveant,
1395 1802 1430 1848 o
1477 1782 1674 1848 nostri
1718 1781 1981 1847 infamia
2026 1782 2234 1860 saecli,

661 1887 805 1951 orbe
847 1905 987 1962 suo;
1030 1885 1339 1967 tellusque
1381 1883 1499 1947 tibi
1545 1883 1896 1966 pontusque
1940 1884 2218 1967 negetur.

663 1984 842 2051 Certe
885 2004 998 2069 ego
1048 2003 1168 2050 non
1214 1983 1423 2064 patiar
1467 1983 1635 2048 Iovis
1677 1983 2075 2063 incunabula,
2129 1983 2374 2062 Creten,

662 2087 770 2170 qui
813 2105 985 2150 meus
1029 2086 1123 2151 est
1163 2085 1346 2164 orbiS,
1391 2085 1642 2149 tantum
1691 2085 2049 2166 contingere
2092 2086 2459 2151 monstrum.

365 2231 654 2315 Hyginus
718 2231 926 2296 autem
995 2229 1197 2294 simile
1260 2247 1633 2312 responsum.
1680 2227 1995 2312 significat
2049 2228 2091 2294 f.
2142 2220 2287 2294 198':
2350 2227 2494 2294 ‘ille
2548 2228 2658 2310 (sc.

363 2331 590 2413 Minos)
621 2332 894 2414 ‚negavit
925 2329 1146 2396 Creten
1190 2331 1651 2398 sanctissimam
1695 2331 1944 2396 tantum
1988 2331 2185 2396 scelus
2225 2331 2611 2412 recepturam
2623 2327 2657 2395 ².

361 2433 620 2517 Legitur
664 2434 908 2517 praeter
951 2432 1101 2497 haec
1139 2432 1203 2498 in
1251 2431 1500 2498 scholiis
1545 2431 1625 2498 ad
1670 2433 2041 2517 Dionysium
2084 2431 2127 2496 1.
2165 2433 2241 2497 l.:
2299 2433 2415 2521 τῆς
2446 2430 2655 2496 Νίσου

359 2528 691 2621 θυγατρὸς
719 2524 1180 2618 ἄποτεμούσης
1210 2535 1326 2619 τῆς
1347 2532 1637 2621 κεφαλῆς
1657 2535 1775 2598 τοῦ
1802 2527 2055 2616 πατρὸς
2096 2530 2232 2598 τὸν
2266 2526 2659 2617 μόρσιμον

360 2635 794 2717 πλόκαμον,
840 2636 1007 2718 quod.
1030 2634 1288 2701 Ovidius
1311 2654 1502 2717 paene
1525 2635 1605 2700 ad
1635 2636 1889 2700 verbum
1912 2636 2205 2717 expressit
2226 2635 2268 2700 l.
2295 2635 2335 2700 l.
2367 2655 2425 2699 v.
2445 2636 2524 2699 85
2536 2655 2659 2719 sq.:

358 2735 618 2803 ‘fatali
660 2737 810 2802 nata
839 2737 1154 2819 parentem
1202 2736 1425 2802 Crine
1467 2756 1651 2801 suum
1692 2736 1970 2819 spoliat'.
2017 2736 2309 2821 Hyginus
2336 2736 2429 2801 ita
2460 2736 2659 2817 (l.l.):

355 2836 713 2903 ‘·fatalem
773 2838 1068 2901 crinem
1133 2838 1528 2919 praecidit’2.
1617 2837 1892 2917 Quorum
1939 2838 2217 2902 omnium
2260 2837 2325 2900 in
2375 2836 2505 2903 Ciri
2548 2857 2659 2903 nec

357 2939 501 3005 vola
532 2958 642 3004 nec
671 2938 1007 3022 vestigium
1038 2939 1294 3020 apparet
1313 2942 1367 3015 ⁸3
1419 2938 1709 3021 quocirca
1740 2958 1948 3003 meum
1992 2938 2291 3003 iudicium
2336 2957 2405 3003 eo
2449 2938 2658 3022 potius

564 3236 586 3266 ¹
623 3235 714 3289 Sic
749 3234 1081 3291 Eustathius
1118 3236 1324 3306 tradit3
1361 3237 1422 3291 in
1459 3236 1681 3291 scholiis
1720 3236 1925 3304 similia
1962 3237 2241 3307 leguntur.

565 3327 591 3357 ²
621 3325 698 3379 M.
737 3324 1006 3391 Schmidt,
1047 3325 1260 3397 Hygini
1315 3326 1515 3393 editor,
1571 3326 1807 3381 lectores
1846 3327 1960 3379 iam
2016 3326 2089 3381 ad
2128 3325 2389 3380 Ovidium
2442 3324 2659 3379 remisit

359 3413 434 3483 (p.
475 3415 617 3481 126).
655 3444 720 3453 -
761 3414 897 3469 Loci
934 3419 1122 3469 autem
1161 3414 1322 3470 allati
1358 3419 1424 3469 ut
1461 3418 1721 3469 tueamur
1750 3413 1987 3469 suadent
2024 3415 2174 3483 apud
2200 3414 2463 3469 Ovidium
2498 3432 2551 3469 v.
2588 3416 2656 3468 85

359 3502 566 3557 codicis
601 3502 970 3558 Laurentiani
1006 3503 1344 3572 scripturam
1379 3500 1391 3519 ‘
1407 3499 1591 3558 fatali'
1632 3520 1737 3572 pro
1773 3498 2005 3571 ‘vitali',
2045 3504 2196 3573 quod
2220 3504 2379 3558 Korn
2413 3521 2527 3557 non
2563 3502 2655 3557 de·-

357 3590 482 3646 buit
518 3592 580 3645 in
612 3595 832 3646 textum
868 3591 1134 3661 recipere.
1211 3590 1470 3646 Ceterum
1507 3591 1658 3660 apud
1694 3592 1981 3662 Hyginum
2017 3608 2237 3661 quoque
2272 3590 2460 3660 puella
2500 3608 2559 3645 se
2597 3590 2657 3643 in

357 3680 511 3735 mare
545 3682 912 3751 praecipitat;
952 3698 1020 3735 ex
1059 3681 1262 3751 quibus
1306 3683 1562 3736 omnibus
1604 3682 1867 3751 opinetur
1905 3682 2106 3752 aliquis
2144 3682 2427 3753 Hyginum
2452 3679 2656 3734 Ovidio

359 3786 516 3822 usum
556 3786 690 3840 esse,
727 3770 879 3839 quod
916 3770 976 3823 in
1015 3770 1212 3825 Glauci
1248 3770 1444 3825 fabula
1469 3770 1622 3841 (199)
1649 3770 1933 3825 Rohdium
1968 3771 2303 3826 contendere
2341 3769 2505 3823 video
2532 3769 2655 3836 (l.1.

356 3874 411 3926 p.
455 3859 572 3911 124.
611 3860 686 3927 2).
759 3858 1038 3928 Equidem
1085 3860 1144 3913 in
1187 3860 1422 3915 alteram
1473 3864 1664 3914 utram
1704 3864 1925 3928 partem
1966 3860 2253 3929 disputare
2297 3858 2446 3923 nole,
2500 3861 2656 3911 ante-

359 3963 528 4015 quam
583 3950 914 4017 argumenta
967 3948 1250 4002 cumulata
1304 3949 1516 4003 videm.
1590 3949 1657 4001 In
1702 3953 1896 4003 nostra
1937 3953 2125 4003 autem
2171 3947 2363 4002 fabula
2400 3946 2655 4016 Hyginus

358 4032 429 4087 ab
455 4033 654 4088 ovidio
691 4035 750 4089 in
786 4035 872 4089 his
911 4036 1140 4096 recedit.
1181 4035 1331 4105 quod
1365 4036 1582 4091 oraculi
1616 4054 1944 4106 responsum
1980 4036 2100 4092 fuse
2127 4040 2439 4105 enarratur,
2462 4034 2656 4103 Scylla

359 4121 590 4177 Veneris
627 4124 872 4193 impulsu
910 4129 1078 4193 amat,
1117 4125 1358 4194 denique
1395 4125 1454 4179 in
1487 4127 1699 4195 piscem
1734 4126 1896 4181 cirim
1932 4126 2033 4181 illa
2071 4130 2339 4181 mutatur.

557 4212 580 4245 ⁸
619 4212 934 4282 Perpaucos
971 4212 1112 4267 Ciris
1160 4214 1309 4269 locos
1359 4232 1485 4268 cum
1523 4214 1727 4269 Ovidio
1766 4215 2057 4269 concinere
2102 4215 2376 4283 invenies3
2436 4213 2506 4270 cf.
2545 4213 2655 4267 Cir.

288 4323 302 4327 -
360 4298 462 4353 175
499 4304 559 4354 et
592 4300 693 4356 Ov.
731 4303 820 4370 20,
858 4301 966 4355 Cir.
1006 4302 1107 4355 107
1146 4320 1226 4371 sq.
1267 4308 1324 4358 et
1369 4303 1470 4358 Ov.
1515 4305 1581 4357 15
1621 4321 1731 4372 sq.,
1766 4304 1827 4356 in
1862 4302 2077 4373 Scyllae
2115 4302 2656 4359 extremaoratione

357 4386 468 4442 Cir.
505 4389 620 4442 428
649 4393 706 4443 et
744 4387 846 4444 Ov.
888 4390 1010 4459 109,
1049 4388 1158 4444 Cir.
1199 4392 1303 4445 418
1341 4408 1421 4460 sq.
1461 4394 1518 4446 et
1555 4390 1657 4447 Ov.
1702 4392 1822 4446 127.
