3157 5028
1650 327 1721 380 42

536 499 774 583 phoclis
816 498 935 582 frg.
979 498 1101 565 inc.
1145 499 1268 563 856
1299 517 1357 562 v.
1398 499 1438 562 9
1471 516 1560 579 sq.
1606 486 1791 562 unius
1830 495 2083 562 Stobaei
2130 495 2287 560 satis
2328 495 2575 560 infirma
2616 493 2840 559 aucto-

536 600 723 664 ritate
795 599 940 664 huic
1003 598 1386 694 adscriptum
1449 600 1639 680 atque
1696 597 1831 662 iure
1886 617 1923 661 a
1968 597 2253 662 Nauckio
2299 595 2584 678 Euripidi
2626 594 2844 660 reddi-

533 702 670 764 tum
688 703 728 764 ¹.
779 735 870 762 .—-
941 699 1061 764 Sed
1121 699 1380 764 sta-simo
1442 699 1581 777 illo,
1633 697 1814 781 ‚quod
1880 698 1947 762 in
1992 696 2229 764 Graeco
2296 695 2629 779 exemplari
2694 695 2866 777 post'

536 801 765 866 amoris
829 799 1272 864 confessionem
1339 799 1710 864 collocatum
1774 799 2043 876 invenit,
2121 799 2357 863 remoto
2440 796 2589 879 quid
2654 795 2846 878 poeta

537 901 856 964 Romanus
906 899 1284 964 substituit?
1404 899 1638 964 Parum
1696 900 1839 981 apte
1904 898 2083 963 finxit
2141 898 2551 980 Hippolytum
2614 895 2839 960 statim

537 1002 676 1083 post
715 1001 897 1083 turpe
950 1001 1328 1083 colloquium
1383 1019 1522 1065 cum
1584 1018 1849 1066 noverca
1910 999 2307 1081 effugientem
2362 997 2451 1080 (v.
2498 997 2640 1075 729,
2684 995 2843 1075 901)

535 1101 793 1166 minime
817 1101 1122 1166 Graecum
1153 1101 1460 1184 exemplar
1499 1102 1766 1178 secutus,
1814 1101 1865 1164 si
1910 1099 2263 1164 memineris
2304 1099 2439 1164 illic
2479 1097 2681 1161 filium
2725 1115 2845 1179 pa-

535 1201 621 1264 tri
645 1219 708 1266 se
727 1219 996 1283 purgare
1038 1199 1366 1265 studuisse.
1443 1201 1641 1276 Adde,
1691 1200 1855 1283 quod
1901 1200 2053 1282 fuga
2098 1201 2348 1264 sceleris
2394 1198 2843 1264 conscientiam

537 1300 791 1384 prodere
833 1300 1099 1374 videtur.
1189 1301 1401 1383 Neque
1435 1301 1555 1366 sibi
1598 1302 1847 1366 constat
1884 1301 2083 1384 poeta,
2130 1319 2272 1364 cum
2318 1293 2527 1382 postea
2570 1317 2699 1363 rem
2741 1297 2841 1361 ita

537 1403 763 1481 vertat,
795 1420 868 1466 ac
897 1402 950 1466 si
981 1401 1178 1484 patris
1209 1401 1379 1465 dirae
1413 1400 1631 1483 fugam
1670 1401 2041 1467 adduxerint
2072 1401 2153 1482 (v,
2178 1401 2321 1477 929,
2357 1401 2561 1481 1000).
2626 1399 2847 1482 Fugae

536 1503 736 1586 igitur
779 1502 1056 1568 adnectit
1097 1502 1358 1582 longum
1398 1521 1648 1567 carmen
1692 1521 1751 1566 v.
1792 1503 1915 1566 736
1957 1521 2068 1586 sq.‚
2114 1501 2279 1584 quod
2310 1499 2843 1583 pulchritudinem

535 1603 777 1670 iuvenis
830 1604 1142 1668 concitato
1185 1603 1386 1685 gradu
1435 1623 1498 1667 se
1539 1602 1937 1686 proripientis
1989 1601 2296 1676 coloribus
2340 1602 2505 1666 certe
2547 1618 2669 1665 non
2713 1600 2847 1664 Eu-

536 1703 789 1786 ripideis
833 1704 1132 1787 depingit,
1179 1703 1254 1768 de
1296 1704 1523 1786 quibus
1568 1705 1745 1770 aliua.
1832 1704 2052 1786 Imago
2104 1702 2349 1785 quidem
2400 1701 2635 1780 stellae,
2682 1719 2845 1783 quae

537 1805 738 1870 ventis
781 1805 1028 1887 agitata
1065 1805 1286 1887 longos
1331 1805 1601 1887 porrigit
1645 1805 1821 1886 ignes
1844 1803 1946 1883 (cf.
1974 1803 2161 1886 Verg.
2190 1801 2412 1884 Georg.
2454 1801 2503 1880 Ι,
2546 1802 2670 1865 365
2696 1801 2841 1883 sq.)‚

540 1925 664 1988 qua
707 1905 888 1969 initio
929 1923 986 1970 v,
1033 1904 1156 1968 739
1202 1905 1417 1987 fugam
1463 1905 1761 1978 illustrat,
1824 1903 2188 1968 memoriam
2238 1904 2358 1967 tibi
2402 1902 2624 1967 afferat
2668 1900 2845 1966 chori

539 2004 858 2087 Euripidei
900 2005 1312 2088 Hippolytum
1357 2005 1755 2088 effugientem
1802 2005 2081 2070 canentis
2120 2023 2178 2068 v.
2234 2005 2383 2067 1121
2432 2022 2554 2085 sq.:
2592 1995 2598 2001 ’

837 2126 986 2193 ἐπεὶ
1025 2125 1141 2192 τὸν
1176 2127 1506 2208 Ἑλλανίας
1543 2133 1551 2208 Ι
1592 2128 2061 2216 φανερώτατον
2102 2118 2317 2211 ἀστέρ’
2361 2119 2655 2203 Ἀθάνας

838 2222 1102 2312 εἴδομεν
1145 2223 1407 2312 εἴδομεν
1448 2229 1518 2294 ἐκ
1556 2227 1812 2312 πατρὸς
1856 2223 2051 2314 ὀργᾶς

837 2319 1039 2394 ἄλλαν
1083 2329 1187 2395 ἐπ’
1233 2321 1384 2394 αἶαν
1428 2325 1739 2413 ἱέμενονῖ.

539 2457 662 2524 Sed
715 2458 940 2537 nesci0‚
996 2477 1077 2523 an
1132 2457 1397 2525 Senecae
1451 2457 1713 2525 Ovidius
1769 2459 2222 2525 Phaethontem
2268 2459 2335 2523 in
2390 2475 2678 2540 praeceps
2730 2475 2842 2540 per

539 2577 682 2623 aera
744 2558 945 2623 latum
983 2576 1149 2624 'eum
1219 2562 1402 2625 stella
1471 2560 1547 2625 de
1602 2560 1774 2625 caelo
1818 2560 2077 2625 cadente
2120 2577 2485 2641 comparans
2530 2556 2704 2641 (Met.
2751 2558 2838 2636 ΙΙ,

539 2659 664 2722 320
711 2662 830 2739 sq.)
875 2678 1090 2723 ansam
1140 2659 1396 2725 dederit.
1505 2660 1713 2725 Priori
1780 2662 1991 2727 autem
2061 2660 2230 2725 chori
2294 2658 2611 2741 Euripidei
2674 2657 2842 2739 parti

537 2777 595 2823 v.
632 2760 792 2831 1102
836 2777 927 2841 sq.
972 2759 1205 2825 similia
1249 2762 1420 2825 canit
1440 2762 1660 2825 chorus
1682 2762 1999 2825 Romanus
2024 2762 2173 2825 item
2199 2760 2339 2841 post
2360 2758 2837 2823 exsecrationem

538 2858 863 2941 Hippolyti
885 2878 941 2923 v.
977 2860 1101 2925 959
1125 2880 1236 2943 sq.‚
1269 2880 1532 2943 quorum
1577 2880 1821 2927 summa
1873 2861 2051 2925 haec:
2112 2858 2229 2924 ‘res
2268 2860 2572 2923 humanas
2626 2856 2841 2921 ordine

536 2959 709 3023 nullo
755 2961 1030 3025 Fortuna
1065 2962 1230 3043 regit
1273 2963 1624 3045 sparsitque
1670 2980 1862 3026 manu
1890 2961 2145 3038 Munera
2191 2956 2391 3025 caeca'
2436 2958 2523 3042 (v.
2544 2958 2669 3021 978
2699 2958 2837 3039 sq.).

537 3061 619 3125 Et
663 3061 827 3143 quod
868 3060 1120 3143 longius
1163 3065 1478 3144 praeterea
1519 3064 1894 3127 immoratur
1935 3063 1999 3125 in
2045 3059 2449 3145 obiurgandis
2479 3060 2626 3135 deis,
2674 3058 2841 3141 quod

535 3181 755 3245 parum
798 3162 1052 3227 solliciti
1097 3163 1224 3227 sint
1267 3164 1442 3228 bonis
1487 3163 1771 3245 prodesse
1809 3162 1991 3227 malis
2028 3163 2341 3239 nocuisse3
2386 3163 2487 3226 hic
2516 3180 2731 3227 sensus
2771 3161 2835 3224 in

539 3265 724 3329 choro
785 3264 906 3329 isto
975 3264 1221 3345 quidem
1295 3261 1625 3347 Euripideo
1694 3264 2037 3330 translucet
2102 3265 2379 3344 tantum,
2452 3264 2613 3329 alias
2658 3263 2842 3328 clare

738 3558 757 3589 ²
796 3556 1072 3626 Philolog.
1110 3556 1189 3610 IV
1229 3574 1282 3627 p.
1324 3558 1446 3611 542.
1508 3588 1574 3596 —
1624 3557 1883 3611 Welcker
1938 3557 1975 3610 l.
2016 3557 2052 3611 1.
2089 3575 2143 3626 p.
2180 3558 2286 3612 737
2329 3556 2703 3611 Matthiaeum
2757 3572 2839 3610 se-

539 3647 700 3697 cutus
735 3644 1042 3715 Hippolyto
1068 3644 1268 3699 Velato
1306 3645 1594 3699 vindicare
1632 3650 1864 3700 conatus
1900 3650 1987 3699 est
2010 3646 2147 3700 Eur.
2173 3646 2281 3715 frg.
2311 3645 2419 3699 inc.
2448 3646 2571 3713 890,
2609 3644 2841 3699 Veneris

539 3733 654 3787 vim
691 3733 980 3787 illustrans
1011 3734 1211 3789 audaci
1237 3738 1295 3787 et
1319 3734 1607 3803 praeclaro
1636 3734 1706 3788 de
1733 3752 1923 3788 amore
1950 3735 2088 3789 caeli
2115 3734 2294 3788 imbre
2316 3734 2542 3803 gravati
2567 3732 2841 3803 exempln,

541 3821 690 3888 quod
729 3821 953 3889 quidem
993 3822 1266 3890 Aeschylo
1303 3821 1541 3875 debetur
1581 3822 1675 3891 (cf.
1720 3822 1830 3893 frg.
1870 3822 1991 3893 43);
2045 3823 2165 3877 iure
2202 3822 2454 3876 fortasse.
2528 3822 2673 3876 Nam
2707 3820 2837 3874 Plu—

537 3908 766 3961 tarchus
785 3911 971 3963 Amat.
1003 3910 1069 3962 13
1097 3910 1179 3979 (8)
1217 3927 1341 3963 cum
1377 3910 1559 3979 primo
1596 3910 1759 3964 huius
1796 3911 2105 3981 fragmenti
2145 3928 2310 3965 versu
2348 3909 2615 3963 conflavit
2645 3926 2838 3962 versus

538 3995 669 4064 Hip.
710 3997 1012 4050 449—450.
1089 3996 1197 4064 Qui
1237 4016 1395 4051 error
1431 3998 1562 4053 inde
1600 3999 1782 4068 repeti
1822 4003 2026 4068 potest,
2082 3998 2233 4067 quod
2280 3998 2341 4051 hi
2391 4000 2679 4051 ambarum
2724 3997 2838 4051 edi·

536 4086 756 4139 tionum
790 4085 900 4139 loci
935 4086 1198 4140 lemmate
1246 4087 1609 4157 neglegenter
1657 4087 1941 4156 adscripto
1982 4088 2141 4141 iuxta
2162 4086 2335 4155 positi
2360 4090 2535 4141 erant.
2581 4086 2837 4141 Ceterum

537 4173 724 4228 versui
761 4174 795 4226 4
831 4174 1070 4228 similem
1106 4176 1440 4229 sententiam
1481 4176 1751 4229 exhibent
1788 4176 1930 4229 Eur.
1972 4176 2096 4244 Hip.
2133 4194 2188 4229 v.
2226 4178 2332 4229 448
2372 4192 2452 4243 sq.

491 4297 495 4301 -
740 4260 762 4289 ²
799 4261 1157 4330 Comparatio
1203 4281 1330 4317 cum
1379 4265 1543 4319 stella
1597 4265 1737 4319 item
1786 4264 2031 4319 occurrit
2066 4264 2126 4317 in
2165 4264 2301 4317 Eur.
2340 4262 2449 4334 frg.
2491 4263 2597 4317 inc.
2636 4266 2737 4319 961
2780 4270 2843 4319 et

543 4348 651 4425 frg.
692 4349 878 4423 adesp.
917 4350 1004 4407 33.
