3157 5028
1612 395 1683 452 98

492 571 702 636 autern
750 568 1107 637 voluntaria
1174 572 1375 636 morte
1419 564 1452 636 e
1496 571 1631 636 vita
1675 569 1937 636 decedit.
2007 569 2317 657 *Denique
2361 572 2580 637 notare
2621 571 2803 636 iuvat

491 690 583 752 eo,
649 671 813 756 quod
856 672 1055 738 mater
1098 673 1274 738 lenae
1312 691 1539 737 munus
1597 671 1783 736 simul
1827 671 2106 754 suscipit,
2168 691 2301 736 rem
2342 672 2799 738 intricatiorem

491 773 625 838 fieri
670 774 732 838 et
775 774 974 839 scelus
1015 774 1254 855 augeri,
1300 774 1490 856 atque
1533 773 1649 838 hoc
1691 773 2191 838 consarcinatore
2235 773 2513 855 dignum.

692 876 829 940 Iam
871 894 1014 939 vero
1076 876 1182 958 qui
1227 875 1306 940 ab
1350 874 1448 939 his
1491 875 1623 938 tam
1675 874 1885 956 parvis
1931 874 2384 940 Alexandrinae
2425 875 2625 956 poesis
2668 875 2803 940 fru-

493 975 676 1041 stulis
737 976 949 1058 pedem
1017 975 1398 1057 promoverit
1459 975 1536 1039 ad
1604 974 1948 1038 recentiora
2013 993 2087 1039 ac
2142 975 2567 1041 recentissima
2608 975 2800 1042 Grae-

495 1096 706 1142 carum
765 1077 1121 1142 litterarum
1178 1077 1476 1158 tempora,
1537 1075 1605 1138 in
1651 1075 1876 1156 quibus
1918 1074 2482 1140 Alexandrinorum
2524 1077 2802 1141 auctori-

491 1180 591 1243 tas
631 1177 848 1260 utique
889 1178 1146 1254 obtinet,
1207 1197 1348 1241 eum
1393 1177 1574 1259 plura
1618 1176 1681 1240 id
1727 1195 1921 1259 genus
1968 1195 2183 1258 sparsa
2225 1175 2627 1241 inventurum
2671 1197 2802 1242 esse

494 1279 752 1344 confido.
871 1279 1078 1344 Unam
1149 1278 1264 1342 hoc
1335 1277 1472 1342 loco
1539 1277 1962 1341 narrationem
2032 1295 2305 1359 propono
2370 1277 2801 1360 Xenophontis

493 1381 742 1462 Ephesii
787 1379 1039 1444 fabulae
1083 1380 1432 1443 romanensi
1479 1377 1797 1460 illigatam
1842 1377 1952 1457 (II,
2000 1379 2039 1442 3
2086 1378 2311 1445 Herch.
2344 1379 2375 1443 I
2405 1399 2463 1462 p.
2497 1379 2619 1443 348
2658 1377 2797 1462 sq.)‚

493 1481 600 1546 ubi
669 1480 884 1545 Manto
954 1479 1261 1564 quaedam
1327 1480 1585 1563 Apsyrti
1647 1479 1778 1544 filia
1841 1479 2271 1545 Habrocomen
2336 1481 2501 1563 apud
2556 1481 2799 1564 patrem

492 1583 854 1649 servitutem
919 1583 1288 1648 servientem
1353 1583 1657 1665 deperisse
1724 1583 2048 1648 narratur:
2118 1577 2285 1668 αὕτη
2340 1572 2379 1668 ἡ
2426 1577 2681 1648 Μαντώ
2729 1583 2800 1648 ἐκ

492 1686 608 1768 τῆς
670 1679 1002 1774 συνήθους
1073 1677 1240 1766 μετὰ
1322 1691 1448 1749 τοῦ
1495 1678 1917 1765 Ἀβροκόμου
1981 1683 2232 1769 διαίτης
2298 1683 2626 1751 ἁλίσκεται
2689 1684 2801 1748 καὶ

491 1785 942 1865 ἀκατασχέτως
986 1777 1120 1866 εἶχε
1164 1784 1272 1850 καὶ
1317 1779 1556 1873 ἠπόρει
1604 1780 1707 1850 ὅτι
1760 1780 2061 1870 ποιήσαι·
2111 1775 2261 1850 οἷὲτε
2308 1781 2425 1870 γὰρ
2469 1780 2642 1868 πρὸς
2682 1783 2800 1851 τὸν

489 1881 908 1972 Ἀβροκόμην
960 1884 1176 1953 εἰπεῖν
1230 1885 1490 1969 ἐτόλμα,
1545 1891 1813 1971 γυναῖκα
1857 1882 2070 1952 εἰδυῖα
2116 1883 2348 1968 ἔχοντα
2390 1887 2497 1951 καὶ
2542 1886 2799 1953 πείσειν

495 1980 816 2052 οὐδέποτε
851 1987 1219 2070 ἐλπίζουσα,
1277 1979 1426 2054 οὔτε
1471 1978 1651 2074 όίλλῳ
1695 1989 1824 2054 τινὶ
1866 1989 2000 2053 τῶν
2044 1985 2279 2073 ἑαυτῆς
2322 1987 2456 2053 δέει
2497 1989 2615 2052 τοῦ
2666 2012 2799 2052 πα-

493 2083 672 2170 τρός·
719 2088 800 2153 δι’
835 2113 878 2152 α
920 2085 998 2174 δὴ
1044 2089 1154 2155 καὶ
1195 2090 1446 2172 μᾶλλον
1488 2083 1799 2155 ανεκάετο
1837 2089 1946 2154 καὶ
1982 2089 2324 2155 διέκειτο]
2306 2084 2643 2175 πονήρως·
2688 2089 2799 2154 καὶ

495 2188 708 2254 οὐκέτι
763 2193 1167 2272 καρτεροῦσα
1222 2187 1384 2274 ε’γνω
1441 2188 1611 2273 πρὸς
1652 2187 1770 2280 τὴν
1806 2191 2047 2276 Ῥόδην,
2101 2187 2222 2276 τήν
2248 2186 2638 2312 σύντροφον
2678 2190 2801 2280 τῆς

493 2282 822 2375 Ἀνθείας,
885 2276 1084 2356 οὖσαν
1127 2286 1460 2380 ἡλικιῶτιν
1512 2291 1619 2356 καὶ
1688 2286 1907 2377 κόρην,
1973 2295 2310 2356 κατειπεῖν
2373 2287 2491 2356 τὸν
2551 2287 2796 2372 ε’ρωτα·

493 2414 732 2476 ταυτην
783 2416 906 2475 γαρ
970 2393 1174 2478 μόνην
1239 2383 1468 2477 η’λπιζε
1513 2388 1932 2477 συνεργήσειν
1979 2385 2139 2480 αυτῇ
2180 2388 2353 2476 πρὸς
2394 2393 2509 2482 τὴν
2552 2391 2796 2457 ἐπιθυ-

492 2491 817 2574 μίαν.καὶ
860 2488 940 2581 δὴ
985 2493 1221 2613 σχολῆς
1267 2484 1665 2581 λαβομένη’
1636 2518 1777 2580 αγει
1820 2519 1937 2583 την
1980 2489 2179 2580 κόρην
2208 2520 2380 2579 προς
2408 2489 2489 2559 τὰ
2519 2494 2797 2581 πατρῷα

495 2592 608 2658 ἐπὶ
651 2616 766 2678 της
809 2590 1016 2672 οἰκίας
1060 2589 1220 2678 ιερά,
1268 2594 1378 2659 καὶ
1411 2597 1621 2661 δεῖται
1660 2591 1749 2682 μὴ
1790 2599 2127 2661 κατειπεῖν
2169 2587 2367 2685 αυτῆς
2410 2594 2517 2660 καὶ
2563 2590 2799 2679 όρκους

493 2690 807 2777 λαμβάνει
859 2695 966 2760 καὶ
1021 2696 1189 2780 λέγει
1241 2721 1357 2760 τον
1421 2692 1638 2780 ἔρωτα
1707 2700 1830 2762 τοῦ
1888 2692 2307 2780 Ἀβροκόμου
2371 2696 2479 2760 καὶ
2524 2690 2797 2761 ικετεύει

495 2794 940 2876 συλλαβέσθαι
989 2796 1096 2861 καὶ
1145 2792 1362 2861 πολλὰ
1426 2791 1746 2878 ’ὑπέσχετο
1800 2796 2267 2884 συλλαβομένῃ.
2375 2798 2593 2863 Rhode
2651 2798 2799 2863 Sub-

494 2898 636 2961 inde
689 2898 972 2963 iuvenem
1035 2898 1360 2963 certiorem
1419 2899 1573 2963 facit
1618 2898 1693 2963 de
1737 2918 1976 2974 amore3
2034 2901 2103 2964 at
2142 2899 2363 2964 Manto
2411 2917 2619 2963 morae
2663 2898 2801 2963 tae-

495 2998 667 3063 dium
715 2997 948 3063 diutius
990 3017 1112 3063 non
1157 2999 1277 3063 fert
1321 3000 1401 3082 (c.
1435 3000 1491 3063 V
1533 3000 1758 3065 Herch.
1808 3019 1865 3082 p.
1891 3000 2070 3081 350):
2115 2992 2154 3083 ἡ
2184 2998 2256 3063 δὲ
2286 2992 2538 3061 Μαντώ
2582 3020 2798 3079 χρονι-

496 3091 730 3181 ζούσης
795 3105 909 3184 τῆς
963 3092 1189 3181 Ῥόδης
1255 3090 1475 3163 ου’κέτι
1543 3102 1956 3182 καρτεροῦσα
2018 3095 2259 3186 γράφει
2329 3097 2798 3183 γραμματίδιον

493 3194 666 3280 πρὸς
705 3192 820 3261 τὸν
860 3192 1306 3284 Ἀβροκόμην·
1355 3187 1430 3289 ἧν
1473 3201 1544 3266 δὲ
1587 3197 1669 3265 τὰ
1713 3200 2185 3286 ἐγγεγραμμένα
2226 3197 2490 3267 τοιάδεε
2553 3196 2798 3283 Ἀβρο-

493 3294 663 3387 κόμῃ
685 3300 778 3385 τῷ
823 3298 1001 3385 καλῷ
1046 3299 1359 3365 δέσποινα
1403 3298 1442 3387 ἡ
1484 3300 1564 3387 σῆ
1606 3301 1871 3384 χαίρειν.
1913 3301 2165 3368 Μαντώ
2212 3300 2339 3385 ἐρῶ
2383 3323 2526 3383 σου,
2568 3299 2795 3385 μηκέτι

494 3398 719 3488 φέρειν
777 3400 1124 3486 δυναμένη·
1184 3400 1482 3486 ἀπρεπὲς
1533 3402 1653 3485 μὲν
1706 3396 1873 3481 ἴσως
1936 3402 2273 3489 παρθένῳ,
2326 3404 2677 3487 ἀναγκαῖον
2725 3398 2798 3465 δὲ

493 3500 804 3589 φιλούσῃ·
879 3502 1126 3584 δέομαι,
1190 3498 1280 3591 μή
1344 3528 1427 3586 με
1501 3503 1800 3591 περιίδῃς
1859 3503 2023 3589 μηδὲ
2086 3500 2357 3591 ὑβρίσῃς
2412 3499 2531 3591 τὴν
2583 3497 2666 3568 τοὶ
2712 3496 2797 3567 σὰ

491 3598 831 3690 ᾑρημένην.
928 3599 1038 3669 ἐὰν
1087 3599 1203 3689 γὰρ
1259 3607 1552 3694 πεισθῇς
1607 3605 1738 3672 κτλ.
1768 3608 1790 3648 ¹
1868 3642 1947 3652 -·
2030 3608 2247 3671 Ταῦτα
2308 3599 2390 3668 τὰ
2452 3599 2798 3688 γράμματα

493 3703 788 3786 λαβοῦσα
849 3704 956 3768 καὶ
1020 3705 1597 3791 κατασημηναμένη
1662 3706 1897 3773 δίδωσι
1955 3704 2335 3793 θεραπαίνη
2375 3704 2503 3770 τινὶ
2564 3700 2798 3788 εαυτῆς

491 3800 829 3924 βαρβάρῳ,
874 3801 1156 3871 εἰποῦσα
1184 3802 1585 3931 Ἆβροκόμη
1600 3807 1912 3891 κομίζειν
1960 3808 2000 3873 ὁ
2045 3806 2117 3873 δὲ
2162 3804 2355 3889 ἔλαβε
2401 3829 2510 3870 και
2552 3795 2795 3889 ανέγνω

494 3904 602 3969 καὶ
656 3906 820 3971 πᾶσι
875 3904 995 3989 μὲν
1036 3896 1284 3996 ἤχθετο
1330 3912 1474 3986 τοῖς
1527 3907 2059 3994 ἐγγεγραμμένοις
2101 3909 2236 3975 κτλ.
2282 3947 2366 3957 -
2406 3906 2658 3973 Iuvenis
2701 3924 2797 3971 re·

493 4026 714 4091 sponso
772 4008 992 4074 deinde
1045 4029 1152 4092 per
1205 4010 1451 4078 litteras
1494 4010 1643 4077 dato
1688 4030 1899 4077 omnes
1944 4010 2219 4094 coniugii
2267 4008 2655 4075 condiciones
2696 4022 2797 4069 re-

2770 4098 2790 4124 t

491 4109 728 4190 pudiat.
816 4110 1158 4193 Xenophon
1223 4112 1462 4194 pergit:
1526 4113 1861 4194 Λαβοῦσα
1923 4113 2133 4177 ταῦτα
2198 4104 2279 4175 τὰ
2347 4103 2691 4194 γράμματα
2753 4129 2793 4191 η

697 4326 718 4357 ¹
754 4326 951 4379 Manto
987 4326 1118 4379 inde
1156 4327 1228 4381 ad
1265 4332 1445 4382 certas
1484 4328 1731 4399 coniugii
1772 4328 2122 4383 condiciones
2162 4326 2530 4395 proferendas
2566 4325 2794 4379 descen-

493 4413 579 4467 dit
615 4417 690 4481 et,
733 4430 875 4481 quae
918 4432 986 4468 ex
1023 4415 1248 4483 repulsa
1285 4421 1554 4469 eventura
1592 4417 1721 4483 sint,
1758 4417 1951 4484 paucis
1990 4417 2192 4486 aperit.
2694 4422 2705 4428 “

761 4586 795 4614 ἢ
