3157 5028
1584 331 1656 383 54

462 501 744 567 tudinem
792 501 1076 567 excedere
1122 501 1452 582 videretur,
1521 503 1858 568 commenti
1912 504 2060 568 sunt
2114 503 2381 568 vitulum
2430 505 2766 581 marinum,

460 603 562 669 cui
606 601 813 667 Plinio
859 602 1116 667 auctore
1170 603 1328 680 (nat.
1378 603 1522 669 hist.
1568 603 1681 683 IX,
1726 602 1838 686 41)
1895 597 1998 669 ‘in
2042 623 2191 669 sono
2237 603 2537 687 mugitUS‚
2601 604 2770 668 unde

461 703 931 768 nomen-vituli'
960 705 1000 768 ¹.
1070 702 1249 784 Quod
1293 703 1517 768 cecidit
1558 704 1626 768 in
1671 706 2021 769 monstrum
2054 704 2339 787 mugiens
2365 707 2409 769 ².
2483 706 2572 769 At
2600 704 2766 787 quod

460 805 712 872 Servius
775 805 974 872 tradit
1039 807 1245 871 subito
1312 805 1687 889 interempto
1734 807 2077 890 Hippolyto
2122 804 2470 870 Phaedram
2536 806 2768 870 amoris

458 905 856 989 impatientia
897 907 1120 989 laqueo
1164 907 1365 972 vitam
1410 906 1703 990 finivisse,
1770 927 1845 972 ne
1901 906 2152 989 propter
2209 923 2413 970 seram
2466 923 2771 970 novercae

460 1009 724 1075 mortem
777 1009 851 1074 de
893 1009 1204 1094 singulari
1251 1010 1499 1076 fabulae
1546 1010 1750 1076 forma
1794 1029 1937 1075 cum
1980 1009 2325 1092 Hippolyto
2371 1006 2597 1072 Velato
2643 1005 2771 1070 for.-

464 1110 630 1174 tasse
678 1115 1058 1192 congruente
1103 1111 1358 1194 cogites,
1423 1109 1729 1176 Stobaeus
1774 1110 1845 1192 (l.
1892 1109 1960 1195 l.)
2006 1111 2217 1176 monet
2271 1110 2483 1175 eadem
2530 1108 2771 1174 ratione

464 1212 746 1285 mortem,
811 1230 999 1294 quam
1044 1212 1328 1278 Phaedra
1371 1213 1592 1279 statim
1634 1213 1776 1296 pos‘t
1821 1213 2166 1278 calumnias
2212 1210 2331 1276 sibi
2376 1209 2766 1286 consciverit,

464 1311 796 1394 explicans.
823 1311 929 1388 (cf.
961 1311 1192 1396 Hygin.
1224 1312 1269 1377 f.
1295 1312 1463 1395 243).
1554 1313 1735 1379 Talia
1781 1313 2087 1378 variantis
2132 1309 2559 1393 compilatoris
2602 1310 2766 1373 sunt.

469 1413 752 1494 Denique
796 1412 1000 1478 nescio
1044 1433 1125 1478 an
1171 1411 1236 1477 in
1281 1414 1728 1479 commentario
1758 1414 1959 1479 Persii
2002 1413 2137 1490 (VI,
2180 1413 2322 1494 56):
2362 1405 2461 1476 ‘et
2503 1429 2581 1475 ne
2610 1409 2773 1491 Hip-

465 1515 712 1599 polytus
755 1514 920 1597 patri
974 1532 1083 1578 suo
1139 1517 1442 1594 narraret,
1509 1534 1650 1580 eum
1711 1534 1975 1580 noverca
2040 1532 2215 1579 verso
2284 1512 2543 1578 crimine
2605 1509 2769 1575 ultro

463 1616 629 1699 apud
669 1616 970 1681 Theseum
1019 1616 1319 1681 maritum
1361 1617 1713 1698 accusavit3
1764 1635 1885 1698 quo
1933 1615 2150 1698 agnito
2181 1613 2561 1697 Hippolytus
2606 1611 2772 1694 fugit

471 1717 533 1782 et
593 1717 740 1782 dum
800 1735 986 1781 curru
1044 1717 1110 1780 in
1168 1717 1351 1782 litore
1407 1719 1740 1796 exercetur,
1807 1716 1991 1800 petiit
2034 1736 2072 1781 a
2126 1715 2415 1797 Neptuno
2463 1714 2732 1778 Theseus
2751 1701 2770 1728 ³

464 1836 514 1882 e.
561 1837 620 1900 q.
665 1837 712 1882 s.
759 1816 1018 1882 Diodori
1079 1820 1497 1885 commentum
1558 1818 1949 1901 interluceat,
2018 1817 2126 1900 qui
2183 1816 2275 1880 ita
2320 1813 2395 1878 de
2453 1813 2630 1878 casto
2674 1812 2772 1877 iu-

463 1938 615 1984 vene
658 1920 727 1998 (l.
773 1919 881 1998 l.):
944 1911 1035 1994 ὥς
1080 1907 1317 2005 ἤκουσε
1369 1913 1452 1983 τὰ
1508 1917 1667 2001 περὶ
1720 1921 1837 2005 τῆς
1888 1916 2214 2002 διαβολῆς,
2274 1905 2603 1996 συνεχύθη
2656 1906 2769 2000 τὴν

466 2012 699 2106 ψυχήν,
744 2019 910 2102 quod
953 2018 1222 2102 quidem,
1290 2021 1342 2085 si
1385 2020 1754 2085 historicum
1798 2019 2016 2103 audis,
2042 2018 2214 2084 heroi
2269 2016 2459 2081 etiam
2506 2015 2771 2078 mortem

467 2120 706 2185 attulit.
757 2115 1145 2187 ‘Scholiasta
1205 2122 1414 2186 autem
1470 2121 1746 2187 Diodoro
1802 2140 1867 2186 se
1929 2120 2207 2204 applicat
2265 2119 2334 2183 in
2384 2135 2453 2182 eo
2509 2134 2771 2199 quoque,

469 2221 633 2305 quod
678 2221 964 2287 Phaedra
1013 2221 1373 2304 privignum
1431 2224 1684 2306 propter
1747 2220 2276 2305 pulchritudinem
2337 2218 2513 2284 amat
2538 2221 2581 2301 ³,
2650 2234 2772 2280 non

466 2323 724 2388 Veneris
769 2322 1058 2405 impulsu.
1107 2359 1191 2368 -—
1236 2323 1311 2386 In
1345 2323 1631 2388 infimum
1663 2324 1870 2388 locum
1914 2321 2299 2388 detrudenda
2334 2319 2583 2385 Tzetzis
2626 2335 2771 2382 nar-

466 2423 630 2489 ratio
695 2423 927 2504 (Schol.
974 2424 1117 2508 Lyc.
1155 2424 1317 2488 1329
1363 2423 1439 2489 cf.
1490 2422 1661 2508 610),
1727 2425 1876 2508 quia
1936 2422 2266 2490 manifesto
2327 2440 2360 2486 e
2412 2419 2769 2486 Coronifero

469 2525 630 2591 male
676 2526 1108 2592 consarcinata
1159 2527 1270 2610 est,
1341 2526 1442 2593 cui
1491 2526 1646 2593 item
1691 2526 2060 2592 Eustathius
2127 2524 2341 2606 (Hom.
2387 2522 2444 2586 λ.
2490 2522 2643 2600 320)
2708 2539 2773 2585 se

466 2626 743 2709 applicat
766 2630 809 2692 ⁴.

667 2725 769 2791 Ad
835 2728 1178 2793 extremum
1244 2728 1388 2794 nolo
1453 2728 1701 2794 silentio
1772 2725 2267 2812 praetermittere
2329 2722 2771 2807 Aristophanis

469 2827 761 2910 Byzantii
807 2830 1246 2910 argumentum
1302 2829 1552 2895 fabulae
1598 2828 1987 2911 Euripideae‚
2058 2844 2419 2910 quanquam
2474 2824 2582 2889 ille
2634 2842 2771 2906 per-

469 2927 622 2992 bene
667 2928 1103 3011 eleganterque
1146 2930 1361 3012 paucis
1407 2948 1717 2994 summam
1761 2929 2011 2995 fabulae
2054 2925 2536 3009 comprehendit,
2583 2923 2773 2987 nullis

468 3029 530 3091 et
573 3047 650 3092 ne
691 3028 1134 3094 recentioribus
1185 3030 1434 3111 quidem
1495 3028 2007 3112 compilatoribus
2065 3028 2229 3093 inter
2284 3045 2506 3092 manus
2562 3025 2772 3090 fuisse.

468 3129 670 3193 Immo
732 3129 897 3212 quod
951 3147 1143 3194 unum
1195 3130 1648 3212 grammaticus
1710 3129 2107 3214 neglegenter
2148 3127 2353 3210 ponit:
2420 3126 2773 3193 Phaedram

473 3388 727 3442 narratio
756 3387 947 3460 (Verg.
973 3389 1114 3443 Aen.
1138 3388 1254 3455 VII,
1283 3389 1409 3456 761)
1434 3389 1685 3459 alioquin
1719 3390 1899 3446 eidem
1936 3394 2203 3459 tanquam
2242 3387 2534 3457 calopodio
2560 3390 2771 3456 aptata.

469 3476 700 3531 Praeter
740 3479 984 3532 alterum
1024 3478 1464 3550 mythographus
1487 3477 1790 3533 Vaticanus
1831 3479 1989 3548 prior
2012 3477 2077 3548 (f.
2119 3480 2211 3549 46)
2250 3496 2283 3532 a
2319 3477 2512 3533 Servio
2547 3475 2772 3546 pendet.

675 3566 693 3596 ¹
733 3566 982 3621 Immane
1008 3567 1144 3635 quid
1169 3566 1365 3636 phocis
1396 3568 1576 3622 inesse
1611 3567 1917 3637 putabant;
1955 3568 2027 3622 cf.
2062 3566 2223 3621 Ovid.
2249 3566 2383 3620 Her.
2410 3566 2479 3629 X,
2508 3567 2594 3619 87.
2636 3563 2772 3618 Met.

457 3651 516 3721 Ἰ,
549 3655 672 3717 300,
714 3653 883 3727 Verg.
908 3655 1109 3727 Georg.
1135 3655 1227 3720 IV,
1266 3656 1388 3709 395.
1464 3654 1805 3711 Scholiastae
1842 3660 2029 3711 autem
2066 3655 2243 3711 Persii
2280 3655 2334 3722 (1.
2362 3654 2416 3719 l.)
2455 3672 2567 3709 una
2592 3652 2773 3722 phoca

469 3758 582 3796 non
618 3742 852 3798 sufficit:
911 3742 925 3760 ⁸
940 3743 1116 3798 Petiit
1152 3759 1185 3796 a
1219 3742 1481 3814 Neptuno
1516 3743 1779 3809 Theseus,
1838 3747 1903 3798 ut
1948 3744 2000 3798 ei
2042 3742 2267 3813 phocas,
2321 3742 2382 3797 id
2430 3746 2515 3798 est
2561 3740 2772 3796 vitulos

471 3829 717 3884 marinos
757 3826 1133 3886 immitteret‘.

673 3919 696 3950 ²
736 3917 818 3972 Cf.
855 3918 993 3973 Eur.
1031 3918 1160 3989 Hip.
1201 3919 1336 3971 1201
1379 3935 1461 3987 sq.
1503 3918 1628 3973 Seu.
1664 3917 1922 3973 Phaedra
1966 3920 2103 3972 1026
2136 3937 2217 3988 sq.

669 4007 692 4041 ⁸
728 4007 886 4062 Idem
924 4006 1152 4062 exhibet
1189 4006 1369 4062 Schol.
1405 4007 1623 4062 Platon.
1661 4007 1797 4079 Leg.
1835 4008 1938 4062 931
1980 4008 2045 4076 Β,
2090 4024 2233 4077 quae
2267 4008 2598 4063 brevissima
2644 4025 2771 4063 nar-

467 4094 614 4149 ratio
651 4096 939 4163 ceteroqui
972 4096 1116 4149 nihil
1154 4095 1516 4151 memorabile
1553 4095 1822 4150 continet.

674 4187 698 4217 ⁴·
735 4183 924 4239 Sciens
960 4184 1314 4254 praetermisi
1349 4188 1663 4237 monstrum
1699 4183 2059 4253 narrationis,
2098 4184 2248 4252 quod
2282 4183 2589 4254 Cephalion
2626 4200 2771 4239 com-

473 4275 692 4326 mentus
730 4276 816 4327 est
852 4277 1080 4327 auctore
1116 4272 1328 4327 Malala
1365 4272 1592 4338 (Chron.
1629 4289 1685 4341 p.
1722 4273 1793 4325 88
1836 4273 1921 4327 ed.
1958 4272 2097 4326 Bon.
2138 4272 2347 4327 Miiller
2382 4272 2446 4326 F.
2480 4272 2547 4328 H.
2584 4271 2651 4327 G.
2687 4272 2771 4327 111

474 4374 529 4426 p.
567 4359 699 4431 630)
736 4364 794 4415 et
829 4361 1034 4417 similia
1071 4360 1300 4430 Georgii
1339 4360 1576 4417 Cedreni
1615 4360 1831 4415 somnia
1869 4360 1980 4431 (ed.
2020 4360 2159 4420 Bon.
2197 4360 2223 4415 1
2256 4378 2313 4431 p.
2349 4362 2499 4427 215).
