3157 5028
1485 383 1554 436 83

369 546 644 614 Libanus
689 549 752 614 et
793 547 1220 634 AntilibanuS,
1284 551 1391 617 ubi
1435 552 1581 618 tura
1632 552 2047 637 colliguntur'
2118 555 2225 638 (cf.
2270 556 2440 622 Serv.
2484 557 2671 642 Verg.

371 648 526 713 Aen.
571 648 620 727 I,
665 647 836 732 416).

568 749 944 816 Accuratius
988 751 1064 817 de
1108 751 1354 818 fabulae
1399 752 1785 835 antiquitate
1826 753 2124 820 disserere
2167 754 2351 820 huius
2395 756 2515 822 loci
2548 775 2672 824 non

369 852 488 928 est3
557 849 1010 918 Alexandrinos
1052 853 1266 936 poetas
1320 872 1456 918 eam
1500 853 1566 917 in
1611 853 1829 936 primis
1871 854 2313 923 illustrandam
2358 858 2477 924 sibi
2528 878 2672 942 pro-

366 951 659 1035 posuisse,
718 953 791 1017 ut
843 953 910 1018 in
963 973 1086 1038 qua
1143 953 1407 1020 illicitae
1450 953 1708 1020 Veneris
1750 956 2100 1022 cantandae
2144 959 2523 1025 occasionem
2569 980 2672 1026 ex-

369 1053 830 1135 optatissimam
894 1056 957 1120 et
1009 1055 1388 1121 discordium
1448 1057 1679 1121 amoris
1741 1056 2075 1122 affectuum
2143 1058 2669 1145 depingendorum

365 1155 850 1222 invitamentum
882 1157 1340 1222 validissimum
1364 1158 1682 1234 haberent,
1730 1159 1871 1242 quis
1892 1159 2004 1234 est,
2044 1158 2196 1242 quin
2241 1180 2479 1230 mecum
2527 1182 2670 1229 con-

368 1256 629 1322 cludat?
712 1258 992 1337 Accedit,
1060 1258 1226 1342 quod
1272 1258 1578 1324 Adonidis
1631 1259 1765 1324 fata
1814 1259 1894 1325 iis
1946 1261 2119 1326 cordi
2172 1263 2338 1328 certe
2395 1264 2667 1344 fuerunt,

365 1357 438 1420 ut
500 1357 720 1440 poetae
782 1358 1050 1424 bucolici
1073 1361 1094 1400 ¹
1160 1360 1223 1424 et
1286 1359 1566 1441 picturae
1628 1360 2088 1442 Pompeianae²
2143 1363 2473 1446 evincunt3
2547 1365 2668 1430 im-

365 1458 586 1541 primis
657 1460 922 1544 denique
984 1462 1052 1526 in
1111 1464 1398 1545 Aegypto
1471 1463 1603 1527 eius
1668 1463 1873 1528 cultus
1939 1465 2211 1530 maxima
2276 1465 2668 1532 veneratione

366 1559 795 1626 celebrabatur
859 1561 966 1643 (cf.
1015 1561 1214 1629 Greve
1257 1562 1300 1627 l.
1346 1562 1386 1628 l.
1427 1582 1483 1646 p.
1530 1563 1661 1644 29).
1748 1563 1971 1646 Itaque
2016 1564 2183 1630 haud
2225 1565 2455 1632 temere
2520 1585 2668 1632 con-

364 1662 520 1729 icias
583 1663 651 1727 in
702 1663 942 1748 Hygini
995 1664 1292 1748 Myrrhae
1359 1664 1574 1730 fabula
1628 1666 1710 1728 58
1771 1665 2331 1733 Alexandrinorum
2399 1668 2666 1750 vestigia

364 1762 578 1841 latere,
647 1764 941 1847 quoniam
1003 1765 1359 1848 sequentem
1428 1764 1709 1830 fabulam
1776 1766 2112 1833 Battiadae
2174 1769 2373 1834 artem
2445 1769 2505 1834 et
2568 1770 2666 1834 in-

366 1865 618 1947 genium
685 1866 922 1948 spirare
981 1866 1243 1931 Knaack
1309 1866 1374 1947 (l.
1419 1866 1461 1930 l.
1523 1886 1582 1949 p.
1627 1867 1736 1945 41)
1792 1867 2347 1934 Wilamowitzium
2416 1871 2665 1935 secutus

365 1966 675 2048 probavit.
760 1969 835 2032 In
885 1967 1252 2049 Apollodori
1319 1968 1677 2033 narratione
1744 1969 1944 2034 solent
2006 1969 2259 2052 quidem
2327 1971 2664 2056 Panyasim

367 2069 684 2133 auctorem
728 2068 973 2133 credere
987 2072 1030 2148 ⁸,
1075 2068 1407 2134 temerario
1452 2070 1667 2134 tamen
1708 2069 1969 2150 iudicio;
2015 2090 2161 2136 nam
2206 2071 2339 2136 eius
2383 2071 2665 2138 testimo-

365 2169 541 2234 nium
585 2170 772 2234 antea
817 2169 1190 2252 exscriptum
1233 2170 1418 2235 solito
1462 2188 1633 2235 more
1675 2171 1741 2235 in
1786 2171 1920 2236 sola
1968 2172 2334 2256 genealogia
2384 2172 2662 2238 affertur.

367 2269 652 2335 Titulum
695 2270 962 2353 denique
1002 2270 1402 2352 indagatum,
1459 2271 1576 2353 qui=
1614 2271 1916 2336 Antonini
1960 2271 2259 2338 Liberalis
2304 2274 2666 2339 narratiun-

365 2371 541 2436 culae
584 2370 1014 2454 praefigendus
1058 2371 1161 2453 sit,
1227 2372 1300 2436 de
1347 2372 1761 2438 Alexandrino
1807 2372 2025 2456 aliquo.
2062 2374 2316 2438 auctore
2369 2374 2487 2439 tibi
2533 2374 2659 2440 iam

365 2473 696 2549 constabit,
749 2475 1111 2555 praesertim
1155 2493 1294 2540 curn
1341 2473 1417 2539 de
1455 2473 2007 2540 transformatione
2053 2475 2281 2558 agatur
2322 2476 2385 2541 et
2415 2475 2661 2543 fabulae
2715 2475 2724 2483 ’

362 2574 786 2659 quadraginta
831 2594 972 2659 una,
1039 2594 1194 2659 quas
1237 2575 1344 2640 ille
1391 2576 1787 2657 constipavit,
1844 2575 1970 2641 fere
2014 2594 2224 2641 omnes
2267 2576 2347 2641 ab
2394 2577 2664 2641 Alexan-

362 2676 558 2742 drinis
602 2677 962 2743 auctoribus
1006 2678 1304 2761 repetitae
1341 2677 1488 2742 sint.
1559 2677 1809 2760 Viginti
1838 2678 2048 2742 autem
2094 2678 2253 2743 duae
2296 2696 2329 2742 e
2357 2676 2659 2743 Nicandri

361 2777 871 2843 Heteroeumenis
938 2781 1258 2863 excerptae
1325 2778 1474 2843 sunt
1543 2778 1653 2857 (of.
1708 2778 2049 2845 Schneider
2091 2776 2226 2843 Nic.
2286 2798 2343 2861 p.
2395 2778 2477 2841 42
2520 2780 2663 2861 sq.).

359 2879 585 2963 ltaque
629 2897 858 2961 pronus
905 2879 1032 2945 fere
1075 2899 1212 2945 sum
1260 2879 1326 2944 in
1379 2898 1514 2945 eam
1569 2878 1965 2958 sententiam,
2036 2880 2107 2943 ut
2159 2877 2355 2943 eidem
2417 2878 2661 2943 auctori

360 2981 640 3045 nostram
698 2979 980 3047 fabulam
1023 2980 1230 3045 deberi
1274 2980 1518 3063 putem3
1588 2998 1734 3045 nam
1802 2979 1965 3062 quod
2029 2978 2297 3061 legimus
2341 2976 2408 3044 in
2453 2978 2659 3044 Schol.

359 3081 668 3147 Theocrit.
714 3080 791 3155 V,
835 3082 944 3146 92:
990 3074 1111 3164 τήν
1153 3070 1488 3163 ἀνεμώνην
1529 3074 1891 3161 Νικανδρός
1934 3101 2133 3166 φησιν
2177 3077 2247 3145 ἐκ
2289 3080 2405 3145 τοῦ
2450 3070 2661 3145 Ἀδώ-

356 3181 536 3260 νιδος
577 3180 854 3264 αἵματος
897 3184 1138 3269 φυῆναι
1179 3181 1364 3247 fidem
1410 3180 1565 3245 facit
1608 3199 1748 3245 eum
1796 3180 1869 3245 de
1915 3180 2207 3264 Myrrhae
2249 3181 2399 3247 fatis
2440 3181 2657 3262 egisse.

358 3282 451 3349 De
515 3301 814 3349 anemone
883 3284 1092 3349 autem
1157 3281 1417 3349 Ovidius
1476 3281 1644 3346 idem
1684 3281 1991 3364 perhibet
2068 3280 2155 3359 (v.
2220 3281 2340 3345 731
2398 3299 2510 3363 sq.‚
2579 3280 2658 3347 cf.

358 3382 562 3448 Greve
604 3382 646 3447 l.
692 3384 735 3448 l.
781 3402 836 3465 p.
867 3384 954 3466 8),
1021 3385 1132 3467 qui
1176 3401 1507 3448 consensus
1555 3401 1680 3447 non
1722 3382 1815 3447 ita
1859 3382 2037 3466 parvi
2081 3380 2503 3447 aestimandus
2544 3382 2656 3465 est,

562 3538 582 3569 ¹
623 3536 704 3591 cf.
742 3535 1022 3591 Theocrit.
1060 3535 1144 3589 Id.
1177 3534 1296 3590 XV.
1350 3534 1510 3590 Bion.
1549 3533 1631 3589 ld.
1677 3535 1722 3599 I,
1760 3534 1858 3588 ubi
1917 3532 1989 3604 (v.
2026 3535 2119 3602 91)
2170 3533 2381 3587 Adonis
2421 3532 2658 3601 Cinyrae

355 3623 507 3680 filius
556 3630 807 3681 vocatur.
879 3624 1074 3694 Neque
1122 3624 1534 3695 neglegendum
1571 3622 2070 3693 Philostephanum
2117 3622 2448 3677 Callimachi
2492 3621 2655 3676 disci-

356 3716 554 3784 pulum
597 3714 783 3769 Probo
822 3718 1065 3777 auctore,
1104 3717 1168 3767 ut
1205 3717 1370 3768 antea
1406 3713 1620 3781 notavi,
1676 3713 1745 3768 de
1780 3711 2041 3767 Adonide
2078 3712 2264 3782 egisse·
2290 3710 2383 3779 (cf.
2419 3710 2657 3779 Mueller

353 3802 418 3858 F.
456 3802 527 3857 H.
567 3801 632 3857 G.
667 3802 751 3857 ΙΙΙ
787 3820 841 3872 p.
881 3806 946 3857 31
987 3801 1096 3873 frg.
1140 3804 1240 3872 14).

559 3892 582 3925 ²
617 3892 780 3947 Helb.
817 3909 908 3947 no.
948 3894 1052 3945 329
1089 3910 1169 3961 sq.
1238 3891 1514 3946 Adonidis
1550 3894 1781 3961 partum
1814 3908 1844 3945 e
1880 3890 2144 3959 Myrrhae
2182 3890 2383 3944 arbore
2421 3890 2654 3961 agnovit

354 3979 588 4048 Dilthey
623 3980 852 4048 (Bullet.
899 3980 1029 4035 dell’
1067 3981 1205 4034 Inst.
1256 3981 1392 4033 1869
1441 3997 1496 4049 p.
1551 3979 1676 4050 158)
1730 3980 1790 4033 in
1837 3979 2059 4050 pictura
2102 3978 2441 4047 Pompeiana
2484 3977 2648 4032 Helb.

354 4085 444 4123 no.
489 4068 628 4122 1390
674 4086 888 4124 summa
917 4086 1045 4123 cum
1081 4068 1263 4137 specie
1301 4069 1440 4137 veri,
1505 4074 1781 4137 quatenus
1816 4067 2117 4122 delineatio
2153 4084 2354 4137 parum
2390 4071 2655 4122 accurata

355 4156 866 4224 (Raoul-Rochette
903 4174 1050 4211 mon.
1089 4155 1238 4211 ined.
1277 4157 1340 4210 T.
1380 4157 1474 4227 48)
1508 4157 1780 4213 iudicium
1816 4156 2084 4212 admittit.

555 4245 578 4277 ⁸
618 4244 699 4300 Of.
737 4245 946 4299 Kinkel
982 4245 1092 4315 frg.
1133 4248 1200 4297 25
1237 4263 1290 4315 p.
1329 4246 1454 4299 264.
1514 4245 1745 4300 Funcke
1782 4244 1852 4299 de
1888 4244 2121 4311 Panyas.
2157 4244 2337 4299 Halic.
2374 4262 2429 4313 p.
2463 4246 2533 4299 60
2570 4261 2653 4312 sq.

354 4332 536 4389 Greve
571 4333 606 4387 l.
643 4333 681 4387 1.
719 4350 774 4402 p.
811 4334 862 4389 4.
935 4336 1016 4388 At
1051 4334 1379 4389 Tzschirner
1412 4334 1728 4403 (Panyasid.
1765 4333 1967 4403 fragm.
2002 4349 2056 4401 p.
2082 4334 2176 4401 49)
2212 4338 2363 4387 recte
2400 4332 2541 4386 nihil
2578 4332 2652 4386 ad

350 4421 649 4491 Panyasim
684 4422 1039 4477 referendum
1073 4440 1190 4477 esse
1227 4424 1428 4478 statuit
1464 4423 1573 4477 nisi
1608 4421 1885 4477 Adonidis
1921 4427 2201 4491 parentes.
