3157 5028
1580 328 1655 382 90

469 499 760 584 Myrrhae
789 499 1042 566 fabulae
1069 499 1222 566 item
1254 499 1721 582 recognoscitur
1762 499 1828 564 in
1858 498 2258 583 Nyctimenes
2301 497 2534 578 fabula,
2581 518 2768 582 quam

469 620 629 666 unus
651 601 1020 666 Lactantius
1063 599 1252 680 (Stat.
1293 601 1482 666 Theb.
1527 603 1641 679 III,
1688 599 1841 683 507)
1880 601 2130 666 uberius
2174 602 2421 666 narrat:
2460 599 2771 685 ‘Nycteus

469 703 849 785 Aethiopum
890 722 994 768 rex
1038 703 1203 782 felix,
1271 702 1324 768 si
1367 722 1691 786 nunquam
1735 704 1913 786 pater
1955 701 2174 767 fuisset
2204 705 2245 780 ¹,
2308 701 2504 766 filiam
2550 701 2772 766 habuit

469 803 770 888 Nycteam
820 803 1086 886 nomine,
1154 823 1330 887 quae,
1377 823 1517 868 eum
1569 803 1867 868 scelerato
1922 820 2133 868 amore
2175 803 2419 884 patrem
2462 801 2771 900 diligeret,

467 922 742 970 amorem
787 922 969 968 suum
1012 905 1246 969 nutrici
1289 904 1570 970 confessa
1612 907 1724 982 est,
1796 903 2249 985 infandumque
2314 901 2541 984 petivit
2596 901 2772 967 auxi-

466 1005 640 1069 lium.
710 1003 804 1068 Ea
849 1021 992 1069 eum
1035 1006 1299 1070 mentita
1329 1005 1487 1070 esset
1523 1005 1774 1069 domino
1807 1023 1919 1069 suo
1950 1003 2187 1087 Nycteo
2220 1022 2257 1068 a
2287 1002 2560 1085 quadam
2588 1002 2769 1067 illum

469 1105 758 1169 extranea
821 1104 1002 1187 diligi
1063 1107 1305 1190 virgine
1329 1111 1372 1185 ²,
1435 1107 1800 1189 impetravit
1863 1107 1933 1170 ut
1990 1105 2156 1170 filiae
2212 1123 2360 1169 suae
2412 1103 2769 1186 imprudens

467 1206 746 1270 uteretur
805 1207 1205 1288 amplexibus,
1293 1207 1446 1273 Sero
1493 1207 1592 1272 illi
1636 1207 1960 1290 cognitum
2008 1205 2250 1270 facinus
2292 1205 2521 1270 statuit
2566 1203 2773 1269 vindi-

471 1325 628 1372 care.
731 1306 1120 1391 Quapropter
1179 1310 1462 1393 agnitam
1529 1309 1694 1374 inter
1752 1309 1918 1391 ipsos
1978 1307 2295 1389 amplexus
2362 1306 2561 1372 filiam
2628 1324 2769 1370 cum

467 1407 765 1473 voluisset
806 1409 1214 1493 exstinguere,
1281 1411 1392 1476 illa
1435 1410 1756 1476 Minervae
1798 1409 2162 1495 imploravit
2207 1408 2529 1490 auxilium,
2592 1407 2771 1472 cuius

468 1508 850 1592 protectione
893 1510 1165 1593 periculo
1205 1513 1297 1576 est
1341 1513 1550 1594 erepta
1596 1530 1893 1594 versaque
1940 1511 2007 1576 in
2052 1529 2249 1593 avem,
2308 1529 2466 1593 quae
2508 1528 2580 1574 ex
2623 1527 2772 1573 con-

467 1612 776 1678 scientiass
836 1613 1149 1679 commissi
1211 1615 1502 1680 facinoris
1565 1615 1691 1680 diei
1757 1615 1927 1699 fugit
1984 1615 2301 1698 aspectum
2345 1614 2409 1678 et
2452 1611 2773 1676 Minervae

467 1712 703 1778 tutelae
754 1713 961 1779 dicata
1018 1717 1131 1780 est.
1216 1715 1348 1780 Alii
1393 1715 1611 1781 dicunt
1660 1715 1859 1782 filiam
1908 1715 2121 1782 Proeti
2175 1714 2383 1793 fuisse,
2450 1712 2772 1796 patrisque

467 1813 597 1878 vim
641 1813 967 1879 timentem
1011 1816 1348 1899 aufugisse,
1414 1836 1606 1900 quam
1648 1816 1933 1882 Minerva
1978 1816 2252 1882 mutavit
2294 1813 2360 1878 in
2412 1812 2705 1878 noctuam
2730 1801 2771 1875 ³.

469 1913 829 1980 Similitudo
876 1933 1015 1980 cum
1060 1916 1352 2001 Myrrhae
1403 1917 1618 1984 fabula
1674 1919 1806 1984 tam
1872 1918 2195 2002 perspicua
2248 1917 2363 1992 est,
2429 1915 2501 1978 ut
2566 1911 2771 1978 verbis

468 2033 592 2080 non
635 2015 904 2098 amplius
949 2036 1100 2100 opus
1145 2018 1247 2084 sit.
1323 2021 1412 2083 At
1447 2018 1657 2085 Ovidii
1687 2020 2017 2100 distichon,
2063 2020 2136 2084 ut
2180 2017 2345 2102 quod
2389 2015 2773 2081 demonstret

465 2116 590 2182 iam
617 2117 1030 2210 Alexandriae
1073 2119 1186 2184 has
1226 2120 1512 2186 heroinas
1557 2121 1864 2204 tanquam
1890 2113 1970 2185 ,in
2017 2119 2433 2186 contentionis
2460 2113 2768 2183 iudicium

467 2220 724 2283 vocatas
763 2237 908 2299 esse,
955 2218 1307 2303 adponatur
1352 2222 1443 2288 Ib.
1491 2223 1613 2287 357
1661 2241 1782 2306 sq.:

850 2320 984 2386 filia
1027 2321 1082 2387 si
1125 2320 1334 2402 fuerit,
1379 2323 1462 2387 sit
1507 2323 1673 2406 quod
1718 2323 2007 2406 Pelopeia
2054 2323 2379 2406 Thyestae,

906 2421 1160 2506 Myrrha
1205 2441 1316 2488 suo
1362 2422 1548 2506 patri,
1596 2424 2089 2508 Nyctimeneque
2131 2443 2241 2489 suo
2266 2426 2309 2488 ⁴.
2517 2484 2519 2486 ,

671 2523 766 2587 Ad
809 2526 1150 2589 extremum
1192 2523 1267 2589 de
1309 2525 1747 2605 controversia,
1802 2545 1983 2608 quem
2024 2526 2339 2592 auctorem
2386 2522 2546 2589 Ciris
2586 2523 2771 2605 poeta

467 2623 732 2687 maxime
772 2625 1018 2690 secutus
1059 2626 1161 2705 sit,
1206 2646 1404 2710 pauca
1433 2628 1757 2693 subtexam
1784 2646 2028 2693 neeesse
2058 2629 2171 2704 est,
2218 2627 2365 2709 quia
2387 2625 2604 2691 Rohde
2628 2643 2769 2689 eam

463 2724 596 2788 tam
653 2727 821 2791 certa
877 2726 1136 2807 ratione,
1206 2729 1276 2792 ut
1320 2748 1358 2793 a
1402 2747 1547 2794 vero
1592 2748 1783 2811 paene
1836 2747 1959 2794 non
2016 2728 2411 2810 discreparet,
2477 2724 2769 2791 dirimere

466 2843 641 2907 posse
691 2826 812 2891 sibi
867 2828 1036 2892 visus
1094 2830 1188 2893 est
1251 2830 1320 2910 (l.
1366 2830 1408 2894 l.
1453 2849 1513 2912 p.
1561 2831 1663 2894 93.
1714 2832 1795 2911 3).
1884 2828 2188 2895 Omnibus
2251 2829 2417 2915 enim
2480 2827 2770 2893 testimo-

466 2925 586 2989 niis
615 2927 729 2991 sub
773 2946 897 2994 uno
944 2931 1276 3012 conspectu
1320 2931 1538 3013 positis
1577 2932 1977 3014 expensisque
2021 2929 2351 2995 discrimen
2396 2928 2657 3013 agnovit
2698 2928 2767 2991 in

417 3108 434 3115 ἐ
465 3026 668 3093 tribus
736 3029 1002 3095 maxime
1063 3032 1272 3111 rebus;
1340 3050 1607 3115 quarum
1673 3052 1814 3097 cum
1875 3033 1941 3096 in
2005 3032 2272 3110 duabuS,
2339 3031 2505 3114 quod
2554 3028 2770 3113 Scylla.

464 3128 693 3193 Minois
737 3129 907 3194 iussu
963 3130 1041 3195 ad
1098 3150 1319 3196 navem
1378 3131 1696 3216 adligetur
1751 3133 1813 3199 et
1865 3132 2079 3216 postea
2127 3132 2192 3195 in
2247 3152 2422 3197 avem
2468 3130 2769 3209 mutetur,

467 3227 625 3293 Ciris
661 3248 802 3294 cum
834 3231 1170 3297 Parthenio
1203 3230 1270 3297 ἐν
1297 3235 1442 3311 ταῖς
1473 3226 2133 3321 Μετιιεμορφώσεεσιν5
2165 3232 2493 3317 conspiret,
2537 3231 2771 3316 Heynii

670 3477 689 3507 ¹
729 3474 812 3531 Of.
837 3474 938 3531 Ov.
961 3476 1098 3531 Met.
1137 3477 1208 3546 X,
1244 3479 1349 3533 298
1369 3496 1477 3547 sq.:
1516 3476 1529 3495 ‘
1548 3478 1664 3547 qui,
1702 3479 1751 3533 si
1786 3478 1906 3532 sine
1941 3478 2103 3547 prole
2138 3476 2355 3546 fuisset,
2391 3476 2540 3533 inter
2577 3477 2771 3533 felices

468 3562 698 3631 Cinyras
735 3564 1010 3634 potuisset
1047 3563 1284 3621 haberi’.
1387 3600 1395 3605 —

667 3653 688 3685 ²
724 3652 1058 3708 Plutarchus
1097 3654 1167 3707 de
1200 3654 1468 3723 Myrrhae
1516 3656 1736 3711 nutrice
1776 3655 2038 3723 Cinyram
2086 3655 2328 3710 adeunte
2378 3656 2575 3709 narrat
2626 3654 2661 3709 l.
2700 3654 2765 3707 l.:

463 3740 574 3811 ἔφη
609 3738 717 3811 γὰρ
751 3747 970 3810 γείτονα
1008 3746 1296 3812 παρθένον
1333 3745 1468 3815 ἐρᾶν
1505 3739 1669 3797 αὐτοῦ
1704 3746 1816 3797 κτλ.
1856 3742 1950 3814 (cf.
1989 3761 2159 3814 supra
2195 3762 2250 3815 p.
2291 3745 2400 3813 80).

665 3831 686 3864 ⁸
724 3832 817 3885 ‘ex
854 3828 1092 3887 conscia'
1133 3832 1513 3904 Lindenbrog.

664 3921 686 3951 ⁴
723 3918 931 3991 Tangit
967 3925 1262 3990 praeterea
1297 3922 1442 3977 hanc
1490 3922 1741 3977 fabulam
1791 3939 1892 3991 per
1940 3924 2119 3975 totam
2155 3920 2505 3975 notissimam
2540 3920 2767 3975 Lesbon

465 4007 698 4061 Ovidius
734 4008 868 4064 Met.
905 4010 977 4079 II,
1036 4012 1139 4066 589
1177 4029 1257 4080 sq.
1334 4012 1592 4066 Ceterum
1642 4012 1713 4066 cf.
1752 4012 1914 4067 Lact.
1952 4009 2055 4065 Ov.
2103 4008 2235 4063 Met.
2283 4008 2339 4062 ΙΙ
2397 4009 2437 4063 f.
2476 4010 2529 4065 9.
2611 4009 2767 4064 Serv.

464 4094 630 4166 Verg.
670 4096 873 4169 Georg.
909 4098 951 4166 1,
990 4101 1112 4154 408.
1137 4128 1206 4139 ——
1231 4100 1585 4170 Nyctimenes
1619 4103 1783 4169 pater
1820 4100 1892 4155 ab
1930 4098 2155 4170 Hygino
2192 4097 2253 4167 (f.
2292 4099 2415 4151 204.
2449 4098 2577 4169 258)
2614 4098 2763 4167 Epo-

463 4200 598 4261 peus
635 4190 888 4241 vocatur.

663 4276 684 4305 ⁵
721 4274 1050 4330 Euanthius
1088 4276 1160 4331 ad
1184 4277 1413 4345 Dionys.
1441 4252 1659 4350 Perieg.
1685 4279 1794 4332 420
1830 4281 1888 4333 et
1925 4277 2152 4333 senona.
2204 4275 2289 4331 ef.
2316 4275 2571 4331 Mainake
2594 4274 2762 4330 Anal.

464 4359 769 4418 Alexandr.
805 4380 862 4435 p.
896 4365 1004 4418 270
1036 4381 1118 4437 sq.
