3157 5028
2578 4 2758 61 *ff

1648 367 1718 422 66

527 535 788 612 τέκνον,·
832 532 897 598 τί
935 531 1008 599 δὲ
1049 533 1370 599 τοσοῦτον
1410 525 1774 620 ἧπόρησαις
1816 527 2027 618 γράφε
2058 531 2165 598 καὶ
2195 527 2457 616 θάρρει,
2504 535 2611 600 καὶ
2640 534 2829 616 δέχου

527 659 611 719 με
676 637 758 725 τῇ
815 632 1002 721 χρείᾳ
1066 626 1416 701 διάκονον’.
1527 634 1777 698 Πείθει
1842 627 1959 721 τήν
2020 632 2311 718 Φαίδραν
2370 631 2661 702 εἰποῦσα
2724 635 2832 702 καὶ

530 731 794 818 οἴχεται.
879 737 1050 818 Quae
1105 737 1315 802 omnia
1378 736 1432 800 si
1487 736 1565 801 ad
1617 736 1915 818 imaginis
1969 736 2300 802 veritatem
2356 756 2645 804 revocare
2696 738 2834 803 stu-

528 839 756 922 dueriS‚
804 857 1054 921 operam
1096 840 1158 904 et
1202 838 1404 902 oleum
1455 838 1688 920 perdeS,
1735 856 1875 902 cum
1907 837 2279 919 sophisticae
2307 836 2463 901 artis
2495 838 2836 921 pigmentis

529 940 802 1023 undique
846 939 938 1004 ita
983 939 1181 1005 oblita
1226 938 1371 1017 sint,
1437 939 1508 1003 ut
1553 938 1655 1004 vix
1696 938 1983 1021 cognosci
2026 939 2241 1021 possit,
2296 937 2445 1021 quid
2488 938 2704 1005 lateat.
2754 977 2830 986 --

521 1041 742 1107 Altera
799 1059 1022 1106 scaena
1078 1039 1488 1123 Hippolytum
1583 1039 1873 1118 ostendit,
1921 1039 2022 1104 cui
2075 1039 2285 1104 nutrix
2329 1039 2494 1104 inter
2536 1041 2835 1106 venatum

527 1141 857 1225 epistulam
899 1140 1137 1216 reddit;
1198 1141 1305 1206 ille
1347 1141 1557 1206 autem
1601 1141 1866 1207 tabellas
1919 1140 2171 1223 proicit:
2205 1137 2473 1226 ,ἀφίησι
2526 1140 2647 1223 μὲν
2702 1145 2837 1206 τῶν

524 1243 762 1325 χειρῶν
803 1242 911 1306 καὶ
949 1236 1387 1322 βδελύττεται,
1431 1241 1539 1306 καὶ
1581 1245 1791 1308 κεῖται
1821 1242 1934 1306 νῦν
1960 1236 2274 1325 κατεαγός
2311 1243 2539 1322 (BoiSS.
2572 1263 2633 1326 p.
2665 1245 2834 1325 165).

529 1344 789 1410 Ovidius
831 1343 1098 1410 similem
1149 1363 1436 1410 scaenam
1481 1343 1763 1408 illustrat
1806 1343 1881 1408 de
1912 1342 2127 1410 Cauno
2169 1362 2431 1410 narrans
2473 1362 2531 1409 v.
2565 1345 2689 1410 575
2712 1363 2834 1428 sq.:

734 1445 960 1528 proicit
1002 1446 1287 1527 acceptas
1328 1445 1493 1510 lecta
1535 1444 1656 1509 sibi
1699 1445 1877 1527 parte
1919 1445 2183 1511 tabellas

729 1545 955 1630 vixque
999 1564 1221 1610 manus
1265 1545 1541 1611 retinens
1581 1545 1957 1628 trepidantis
2001 1547 2081 1611 ab
2125 1564 2230 1610 ore
2274 1545 2545 1611 ministri

725 1645 912 1712 ‘dum
955 1646 1120 1726 licet,
1166 1665 1202 1712 o
1247 1647 1482 1713 vetitae
1529 1646 1825 1712 scelerate
1867 1645 2145 1712 libidinis
2190 1648 2427 1726 auctor,
2515 1657 2521 1662 ’

731 1737 996 1831 effuge!'
1039 1748 1159 1812 ait:
1196 1746 1358 1831 ‘qui,
1405 1749 1459 1812 si
1500 1748 1783 1813 nostrum
1830 1749 1943 1812 tua
1994 1747 2127 1813 fata
2172 1749 2470 1832 pudorem

731 1868 852 1914 non
901 1849 1220 1914 traherent
1265 1867 1492 1928 secum,
1544 1867 1773 1932 poenas
1817 1849 1972 1913 mihi
2016 1851 2216 1914 morte
2261 1840 2617 1917 dedisses¹’.

531 1950 708 2032 Quod
770 1950 1022 2016 Caunus
1074 1951 1373 2029 minatur,
1442 1950 1709 2014 rhetoris
1762 1949 2143 2034 Hippolytus
2198 1969 2388 2032 paene
2454 1951 2533 2016 ad
2598 1951 2833 2016 exitum

530 2051 809 2129 adducit,
877 2069 1017 2116 cum
1087 2052 1303 2117 comiti
1368 2051 1679 2116 nutricem
1740 2051 1975 2132 tradat,
2043 2051 2142 2144 cui
2201 2051 2444 2117 clavam
2500 2052 2833 2136 impingat.

529 2152 644 2218 Ille
687 2152 898 2218 autem
925 2153 1186 2218 mirifice
1219 2152 1583 2230 delectatne,
1630 2152 1779 2234 quia
1823 2146 1941 2237 τὴν
1983 2141 2338 2216 ἅκολασίαν
2380 2155 2580 2234 μισεῖ,
2626 2153 2833 2218 lenam
2906 2153 2918 2157 ’

528 2255 886 2320 verberibus
928 2253 1104 2319 foede
1158 2255 1414 2319 mulcat.
1503 2254 1676 2318 Num
1718 2255 1909 2319 talem
1958 2255 2395 2338 virgidemiam
2440 2255 2665 2337 pictori
2713 2254 2834 2319 im-

527 2355 821 2437 putabis?
910 2354 1242 2436 Ecphrasis
1306 2356 1514 2420 autem
1578 2355 1683 2420 ita·
1737 2355 1979 2438 incipit,
2046 2356 2227 2438 quasi
2286 2357 2505 2421 auctor
2537 2345 2834 2436 ’Ἑρωτος

529 2448 846 2540 ἐγκώμιον
887 2455 1232 2538 scripturus
1279 2454 1495 2522 fuerit:
1524 2443 1741 2538 ’Έρως
1784 2452 1857 2520 δὲ
1900 2453 2008 2521 καὶ
2036 2444 2329 2539 ’Ἑρωτος
2356 2451 2437 2520 τὰ
2466 2450 2834 2539 τοξεύματα

528 2550 794 2633 πόντιος
838 2556 1042 2644 φοιτᾷ
1082 2554 1191 2620 καὶ
1231 2550 1338 2621 διὰ
1380 2551 1649 2620 πάντων
1691 2553 2030 2639 διέρχεται,
2075 2555 2182 2621 καὶ
2223 2547 2417 2621 ου’δὲ3
2446 2553 2616 2635 Ζεύς
2648 2552 2831 2623 ἐλεύ-

529 2661 755 2740 θερος,
802 2652 959 2723 ὅταν
1003 2655 1327 2723 ἐθέλωσιν
1354 2646 1645 2741 ’Ἑρωτες
1688 2658 1821 2725 κτλ.
1888 2659 2115 2725 Latent
2146 2659 2461 2742 Euripidis
2490 2659 2837 2725 sententiae

529 2759 672 2841 Hip.
717 2760 839 2824 447
885 2779 976 2844 sq.
1029 2761 1190 2825 1268
1239 2780 1329 2843 sq.
1378 2759 1498 2842 frg.
1545 2761 1690 2843 434,
1739 2760 1848 2843 qui
1891 2760 2083 2825 etiam
2126 2760 2193 2824 in
2238 2778 2307 2825 eo
2352 2760 2835 2843 recognoscitur,

529 2859 694 2943 quod
740 2860 1058 2925 Phaedrae
1104 2878 1324 2943 corpus
1371 2861 1632 2926 vocatur
1677 2862 1868 2942 σῶμα
1912 2859 2364 2943 στηριγμάτων
2408 2855 2838 2943 ἔπιδεόμενον

529 2960 755 3039 (BoiSS.
801 2980 859 3043 p.
908 2962 1061 3038 1623
1108 2962 1186 3026 cf.
1233 2961 1381 3025 Eur.
1426 2960 1573 3042 Hip.
1623 2961 1741 3025 198
1785 2962 1904 3043 sq.)
1971 2961 2036 3025 et
2089 2968 2300 3048 πῆχυς
2340 2956 2565 3027 πάθει
2606 2961 2836 3044 λυόμε-

528 3084 657 3137 νος.
724 3061 888 3127 Nam
936 3062 1270 3144 Euripidea
1299 3061 1587 3127 Phaedra
1631 3062 2017 3127 lamentatur
2062 3062 2104 3128 1.
2150 3062 2225 3129 L:
2268 3060 2537 3144 λέλυμαι
2578 3061 2832 3145 μελέων

529 3154 873 3243 σύνδεσμοι.
941 3197 1022 3207 —-
1087 3161 1368 3244 Denique
1424 3160 1586 3226 addo
1644 3162 1790 3226 hoc:
1882 3161 2169 3228 Phaedra
2234 3164 2498 3229 rhetoris
2564 3163 2836 3246 concipit

517 3261 740 3345 'ignem
791 3262 1067 3345 privigni
1133 3262 1470 3343 imaginem
1540 3262 1821 3341 intuens,
1895 3281 2039 3327 nam
2113 3263 2308 3327 Amor
2370 3261 2656 3328 δείκνυσι
2720 3286 2834 3346 με-

527 3358 778 3444 τέωρον
823 3360 890 3426 ἐν
929 3355 1265 3444 χρώμασιν
1309 3356 1429 3426 τόν
1466 3356 1860 3426 Ἱππόλυτον
1888 3400 1990 3445 ,-
2049 3364 2277 3428 mirum
2335 3364 2470 3447 hoc,
2538 3365 2831 3448 quoniam

532 3464 598 3529 in
644 3463 859 3530 eadem
901 3462 1196 3545 imaginis
1243 3482 1386 3529 area
1431 3463 1695 3546 epistula
1754 3464 2075 3530 scribenda
2131 3465 2434 3546 occupata
2489 3484 2618 3531 esse
2663 3465 2833 3531 vide-

735 3684 755 3717 ¹
793 3684 1010 3739 Similia
1062 3683 1300 3737 fortasse
1349 3682 1689 3755 Hippolytus
1729 3683 1957 3738 Velatus
2009 3682 2268 3752 protulit,
2325 3683 2425 3737 ubi
2482 3683 2533 3737 ei
2578 3682 2832 3737 Phaedra

531 3772 840 3842 supplicem
897 3779 956 3825 se
1010 3771 1263 3840 proiecit.
1337 3770 1480 3825 Nam
1538 3770 1678 3825 talia
1734 3770 1938 3839 pudico
1995 3771 2185 3825 iuveni
2238 3772 2416 3841 magis
2472 3772 2827 3838 conveniunt,

531 3877 700 3928 quam
741 3861 942 3929 quibus
993 3858 1233 3914 Senecae
1275 3859 1617 3929 Hippolytus
1664 3864 1904 3914 matrem
1963 3860 2218 3929 increpat
2273 3878 2328 3914 V.
2367 3863 2496 3915 713:
2556 3858 2831 3926 ‘abscede,

529 3951 659 4005 vive
705 3968 774 4004 ne
823 3950 958 4019 quid
1005 3946 1245 4004 exores’.
1304 3979 1370 3989 —
1430 3949 1691 4004 Ceterum
1733 3948 2133 4005 conferendum
2169 3949 2450 4019 Agathiae
2490 3950 2829 4019 epigramma

529 4042 605 4097 εἰς
639 4033 960 4092 Ἱππόλυτον
987 4033 1388 4109 διαλεγόμενον
1421 4038 1486 4110 τῇ
1520 4037 1699 4110 τροφῇ
1736 4038 1828 4103 τῆς
1863 4037 2113 4107 Φαίδρας
2150 4038 2343 4107 (Anth.
2371 4037 2489 4091 Pal.
2528 4036 2656 4091 XVI
2686 4040 2828 4107 App.

529 4125 686 4180 Plan.
730 4127 879 4197 109):

825 4209 1145 4275 Ἱππόλυτος
1180 4215 1275 4281 τῆς
1307 4214 1477 4285 γρηὸς
1512 4215 1602 4267 ἐπ’
1644 4208 1794 4268 οὕατι
1838 4217 2001 4281 νηλέα
2037 4214 2227 4287 μῦθον
2276 4238 2284 4243 ’

928 4307 1262 4375 φθέγγεται·
1300 4301 1416 4356 ἀλλ’
1455 4302 1615 4375 ἡμεῖς
1651 4300 1715 4357 οὐ
1752 4298 2081 4376 δυνάμεσθα
2116 4298 2297 4357 κλύειν
2339 4304 2451 4355 κτλ.

731 4392 754 4423 ²
791 4390 883 4445 Sic
918 4390 1094 4444 Boiss.
1136 4420 1199 4431 —
1240 4390 1374 4445 Ood.
1413 4384 1552 4445 οὔτε.
