3157 5028
1565 342 1668 395 124

465 515 605 579 tum
647 532 776 579 esse
824 511 908 596 (v.
953 514 1149 594 306)?
1236 513 1530 578 Picturae
1572 511 1925 578 recordatio
1968 515 2179 582 subest
2201 516 2246 592 ¹3
2310 516 2417 582 sed
2459 518 2626 585 inter
2672 520 2769 586 tot

467 615 654 680 huius
717 633 976 680 scaenae
1034 614 1494 697 descriptioneS,
1563 631 1926 697 quanquam
1968 614 2129 680 mira
2172 617 2429 682 vectura
2472 637 2616 685 cum
2659 640 2766 686 na·

468 716 624 800 vigii
667 735 850 781 cursu
893 715 1208 781 interdum
1243 716 1650 798 eomparatur
1674 717 1718 793 ²,
1790 734 1979 778 unum
2026 715 2265 780 Moschi
2304 717 2512 783 locum
2556 722 2768 786 nostro

465 819 651 901 plane
693 816 1056 900 respondere
1084 817 1283 902 video,
1325 817 1432 882 ubi
1453 817 1699 899 Europa
1747 817 2119 882 mirabunda
2164 816 2321 882 dicit
2365 818 2457 884 Id.
2482 819 2567 899 II,
2618 821 2767 886 143:

466 917 652 1005 χηλαὶ
695 916 768 982 δέ
817 915 924 981 τοί
975 912 1141 982 εἰσιν
1183 911 1441 1001 ἐρετμά.
1519 953 1595 964 --
1671 917 1883 982 Lunae
1954 917 2301 1000 exemplum
2355 920 2637 986 ardentis
2701 923 2767 987 in

468 1021 852 1105 Endymione
895 1021 979 1097 (v.
1025 1020 1150 1084 309
1193 1019 1331 1102 sq.),
1367 1037 1526 1102 quae
1561 1018 1744 1084 fratri
1780 1018 2015 1084 nitidos
2060 1037 2278 1084 currus
2320 1021 2508 1087 aliter
2549 1041 2771 1106 regen-

469 1123 579 1186 dos
623 1120 752 1198 dat,
829 1121 902 1184 ut
949 1119 1160 1185 noctes
1211 1137 1392 1183 suum
1435 1119 1681 1201 tempus
1724 1137 1799 1183 ne
1841 1119 2115 1199 teneant,
2182 1139 2215 1184 e
2257 1121 2579 1188 recondita
2624 1122 2773 1188 doc-

469 1223 639 1287 trina
701 1221 995 1286 haustum
1061 1239 1191 1286 esse
1255 1218 1521 1294 videtur,
1603 1219 1779 1284 cuius
1845 1219 2064 1285 vellem
2134 1220 2566 1287 testimonium
2629 1242 2772 1306 pro-

469 1323 628 1388 ferre
669 1341 862 1404 posse.
943 1322 1121 1386 Artis
1162 1320 1757 1402 repraesentationes
1802 1322 2197 1404 quaerentem
2245 1321 2641 1389 destituent-⁸.
2688 1359 2769 1370 —-

473 1424 644 1505 Quae
691 1423 900 1489 omnia
943 1441 1052 1505 pro
1098 1421 1361 1488 Senecae
1416 1421 1621 1487 aetate
1676 1421 1738 1486 et
1781 1421 2034 1504 ingenio
2077 1423 2496 1507 exquisitioris
2540 1423 2774 1490 doctri-

473 1544 588 1591 nae
631 1524 796 1590 sunt.

672 1626 957 1709 Denique
1016 1625 1344 1708 postquam
1418 1625 1687 1708 exposui,
1759 1625 2069 1709 quantum
2120 1624 2491 1709 Euripideae
2532 1627 2775 1711 Hippo-

471 1727 590 1812 lyti
634 1727 884 1792 fabulae
943 1726 1107 1809 apud
1163 1725 1494 1807 scriptores
1547 1725 1811 1790 eroticos
1866 1725 2208 1809 valuerint,
2280 1727 2346 1791 in
2417 1728 2774 1794 universum

473 1826 918 1893 ratiocinantes
985 1845 1061 1891 ne
1123 1827 1546 1910 neglegamuS,
1615 1846 1803 1909 quam
1872 1826 2240 1892 conveniens
2301 1830 2362 1893 et
2427 1831 2774 1912 opportuna

473 1931 608 2012 ipsa
670 1928 918 1994 fabulae
970 1929 1198 1995 natura
1251 1927 1692 1993 Alexandrinis
1748 1927 1973 2002 fuerit3
2046 1947 2187 1992 cum
2258 1929 2613 2012 saepissime
2680 1929 2775 1995 illi

477 2031 768 2095 iuvenum
834 2030 929 2095 vel
996 2029 1344 2112 puellarum
1417 2029 1549 2095 fata
1614 2029 1993 2095 illustranda
2036 2028 2153 2094 sibi
2196 2035 2624 2117 proponerent,
2668 2033 2776 2117 qui

479 2132 776 2196 Venerem
824 2130 1097 2196 atrocius
1142 2130 1455 2212 aspernati
1520 2131 1729 2196 castae
1778 2130 1966 2196 simul
2011 2131 2253 2196 Dianae
2308 2149 2371 2196 36
2418 2131 2777 2201 addicerent

475 2232 580 2316 (cf.
623 2231 875 2315 Dilthey
920 2231 960 2295 l.
1006 2232 1051 2296 l.
1091 2251 1150 2313 p.
1195 2233 1298 2296 43.
1343 2232 1456 2312 1)⁴.
1511 2232 1755 2314 Itaque,
1799 2231 1853 2296 si
1895 2231 2154 2314 aliquid,
2198 2231 2356 2296 illud
2398 2232 2679 2313 mirarer,
2722 2233 2776 2299 si

476 2333 672 2416 ipsius
715 2331 1043 2416 Hippolyti
1109 2332 1341 2398 malam
1411 2330 1728 2397 fortunam
1795 2350 2117 2414 nunquam
2161 2333 2435 2398 carmine
2478 2333 2775 2399 celebras-

475 2435 614 2498 sent
624 2438 668 2502 ⁶.

684 2677 701 2708 ¹
742 2672 1101 2727 cf.Helb.1.
1140 2672 1176 2725 1.
1214 2689 1269 2741 p.
1309 2674 1432 2727 225.
1506 2672 1658 2727 Jahn
1691 2671 1925 2742 Europa
1961 2670 2364 2741 (Denkschrift.
2388 2673 2442 2728 d.
2470 2672 2604 2729 hist.
2640 2676 2779 2793 phil.

479 2763 666 2818 Classe
704 2762 757 2817 d.
795 2762 978 2816 Wien.
1016 2761 1198 2817 Akad.
1237 2762 1361 2815 Vol.
1399 2760 1613 2831 XIX)p.
1656 2762 1721 2813 14
1760 2779 1843 2830 sq.

680 2851 702 2884 ²
743 2849 825 2905 cf.
861 2850 1068 2905 Achill.
1095 2849 1219 2905 Tat.
1245 2850 1289 2917 I,
1335 2853 1381 2903 1.
1431 2850 1613 2905 Noun.
1652 2849 1881 2920 Dionys.
1908 2849 1951 2919 Ι,
1990 2851 2058 2905 65
2082 2868 2162 2920 sq.
2208 2850 2419 2905 Mosch.
2445 2850 2528 2905 Id.
2556 2852 2629 2921 Π,
2660 2853 2778 2907 130.

678 2937 702 2969 ²³
746 2938 1193 3008 Descriptionem
1207 2939 1464 2993 Herculis
1490 2939 1723 2994 servitio
1748 2939 1901 3009 apud
1914 2938 2228 3012 Omphalen
2253 2938 2583 3009 effeminati,
2609 2958 2780 3010 quam

478 3028 771 3095 sequentes
816 3044 1009 3080 versus
1048 3026 1334 3095 exhibent,
1377 3027 1521 3080 miro
1570 3026 1738 3081 modo
1790 3044 1916 3081 cum
1964 3028 2189 3097 pictura
2235 3027 2580 3096 Pompeiana
2615 3028 2780 3085 Helb.

475 3132 564 3168 no,
607 3115 747 3167 1140
780 3128 1090 3184 congruere
1122 3114 1272 3169 Jahn
1319 3114 1531 3169 dudum
1583 3114 1983 3169 animadvertit
2037 3114 2309 3184 (Bericht.
2346 3114 2401 3169 d.
2444 3116 2620 3170 sache.
2657 3117 2783 3173 Ges.

477 3203 530 3256 d.
569 3202 733 3257 Wiss.
778 3204 916 3257 1855
957 3220 1012 3272 p.
1041 3203 1146 3256 222
1173 3220 1278 3273 sq.;
1314 3203 1386 3258 cf.
1424 3203 1632 3273 Helbig
1672 3204 1708 3257 l.
1745 3203 1782 3258 l.
1819 3220 1875 3272 p.
1907 3205 2047 3270 113).
2112 3202 2444 3273 Quanquam
2480 3204 2621 3259 trita
2644 3205 2783 3261 haec

477 3310 565 3346 res
601 3291 814 3347 Romae
847 3297 986 3346 erat.

677 3385 700 3417 ⁴
735 3381 1112 3436 Habrocomes
1149 3382 1364 3435 iuvenis
1400 3381 1607 3435 litteris
1643 3382 1855 3435 tinctus
1894 3380 2260 3449 eruditusque
2289 3379 2517 3450 optimis
2542 3380 2783 3445 artibus,

476 3464 721 3524 venandi
759 3473 1050 3540 praeterea
1076 3470 1374 3539 studiosus,
1409 3472 1677 3524 Amorem
1696 3470 1910 3539 spernit
1936 3473 1993 3523 et
2013 3468 2253 3539 despicit
2273 3469 2551 3539 (Xenoph.
2575 3470 2781 3539 Ephes.

478 3559 642 3626 1,1):
703 3558 855 3613 εϊδέ
885 3578 996 3611 που
1030 3542 1192 3629 ἱερὸν
1229 3552 1261 3625 ἢ
1307 3552 1532 3629 ἄγαλμα
1567 3552 1813 3628 ’Ἑρωτος
1848 3557 1976 3626 εἶδε,
2013 3559 2293 3627 κατεγέλα.
2367 3556 2457 3613 Sic
2492 3558 2784 3628 Euripidis

477 3648 817 3718 Hippolytus
853 3648 1086 3703 Veneris
1124 3652 1367 3703 statuam
1405 3647 1666 3703 venerari
1702 3652 1926 3702 recusat
1961 3665 2017 3699 v·
2054 3647 2124 3700 88
2161 3663 2242 3715 sq.

682 3739 704 3770 ⁶
740 3736 850 3792 Hic
885 3736 1159 3791 adnotare
1198 3738 1512 3805 conveniat,
1569 3753 1641 3790 ne
1686 3734 2018 3805 imperfecta
2054 3733 2411 3804 relinquatur
2456 3733 2787 3803 disputatiO,

480 3826 792 3880 Lucianum
846 3826 908 3879 111
966 3825 1158 3896 Ocypo
1220 3825 1514 3895 Euripidis
1567 3824 1934 3894 Hippolytum
1984 3824 2261 3877 Venerem
2317 3825 2670 3876 aversantem
2726 3825 2786 3876 et

480 3914 793 3969 Phaedram
826 3914 1086 3969 morbum
1123 3914 1500 3969 occultantem
1535 3914 1609 3969 ad
1644 3913 1945 3968 ridiculum
1972 3915 2368 3982 argumentum
2392 3910 2573 3965 libere
2600 3911 2785 3965 detor·

484 4020 672 4073 quere.
711 4033 777 4043 —
816 4004 994 4057 Primi
1030 4002 1255 4073 prologi
1290 4019 1501 4067 versus,
1549 4003 1611 4056 in
1652 4001 1855 4071 quibus
1890 4000 2144 4071 podagra
2181 3998 2288 4053 dea
2324 3999 2394 4053 de
2429 3999 2649 4069 ingenti
2686 4015 2786 4053 sua

482 4092 633 4162 apud
668 4092 919 4147 homines
955 4095 1239 4161 potestate
1275 4090 1585 4160 praefatur,
1622 4108 1851 4160 prorsus
1888 4088 2065 4144 efficti
2102 4105 2171 4142 ex
2196 4087 2520 4157 Euripideis
2560 4105 2612 4142 v.
2648 4090 2670 4139 1
2698 4103 2778 4155 sq.

481 4180 602 4234 Dea
638 4179 838 4233 deinde
877 4179 1127 4234 convicio
1166 4178 1400 4233 denotat
1437 4177 1689 4248 Ocypum
1727 4178 1814 4231 sui
1850 4178 2139 4231 irrisorem
2177 4194 2230 4230 v.
2256 4176 2327 4227 24
2352 4191 2451 4243 sq.,
2507 4177 2573 4228 ut
2598 4173 2785 4228 Venus

479 4268 851 4338 Hippolytum
889 4267 1188 4321 simillimis
1224 4266 1477 4323 versibus
1523 4268 1590 4319 10
1626 4270 1684 4321 et
1728 4267 1810 4319 13.
1902 4266 2275 4335 Prologorum
2312 4262 2594 4318 clausulae
2642 4262 2780 4316 item

482 4363 800 4428 congruunt
835 4357 992 4427 (Luc.
1035 4358 1106 4411 33
1143 4373 1223 4425 sq.
1284 4355 1421 4410 Eur.
1462 4356 1525 4409 51
1558 4356 1675 4423 sq.).
1733 4384 1791 4393 —
1839 4353 2059 4423 Ocypus
2096 4353 2486 4423 paedagogum
2517 4349 2780 4405 morbum
