<?xml version="1.0" encoding="UTF-8"?>
<!DOCTYPE html PUBLIC "-//W3C//DTD XHTML 1.0 Transitional//EN"
    "http://www.w3.org/TR/xhtml1/DTD/xhtml1-transitional.dtd">
<html xmlns="http://www.w3.org/1999/xhtml" xml:lang="en" lang="en">
 <head>
  <title>
</title>
<meta http-equiv="Content-Type" content="text/html;charset=utf-8" />
  <meta name='ocr-system' content='tesseract 3.04.00' />
  <meta name='ocr-capabilities' content='ocr_page ocr_carea ocr_par ocr_line ocrx_word'/>
</head>
<body>
  <div class='ocr_page' id='page_1' title='image "./dehippolytiseur02kalkgoog_0126.png"; bbox 0 0 3157 5028; ppageno 0'>
   <div class='ocr_carea' id='block_1_1' title="bbox 1592 341 1695 394">
    <p class='ocr_par' dir='ltr' id='par_1_1' title="bbox 1592 341 1695 394">
     <span class='ocr_line' id='line_1_1' title="bbox 1592 341 1695 394; baseline 0 -1"><span class='ocrx_word' id='word_1_1' title='bbox 1592 341 1695 394; x_wconf 74' lang='lat'>122</span> 
     </span>
    </p>
   </div>
   <div class='ocr_carea' id='block_1_2' title="bbox 487 509 2800 4029">
    <p class='ocr_par' dir='ltr' id='par_1_2' title="bbox 487 509 2800 4029">
     <span class='ocr_line' id='line_1_2' title="bbox 494 509 2796 595; baseline -0 -18"><span class='ocrx_word' id='word_1_2' title='bbox 494 512 580 577; x_wconf 89' lang='lat' dir='ltr'>sit</span> <span class='ocrx_word' id='word_1_3' title='bbox 629 531 771 577; x_wconf 90' lang='lat' dir='ltr'>cum</span> <span class='ocrx_word' id='word_1_4' title='bbox 824 511 1171 595; x_wconf 89' lang='lat' dir='ltr'>pulvisculo</span> <span class='ocrx_word' id='word_1_5' title='bbox 1225 514 1376 579; x_wconf 87' lang='lat' dir='ltr'>haec</span> <span class='ocrx_word' id='word_1_6' title='bbox 1433 513 1701 578; x_wconf 86' lang='lat' dir='ltr'>materia</span> <span class='ocrx_word' id='word_1_7' title='bbox 1752 532 1789 578; x_wconf 90' lang='lat' dir='ltr'>a</span> <span class='ocrx_word' id='word_1_8' title='bbox 1844 512 1996 578; x_wconf 89' lang='lat' dir='ltr'>viris</span> <span class='ocrx_word' id='word_1_9' title='bbox 2052 511 2251 578; x_wconf 89' lang='lat' dir='ltr'>doctis</span> <span class='ocrx_word' id='word_1_10' title='bbox 2280 513 2319 576; x_wconf 89' lang='lat'>¹.</span> <span class='ocrx_word' id='word_1_11' title='bbox 2419 511 2506 576; x_wconf 90' lang='lat' dir='ltr'>At</span> <span class='ocrx_word' id='word_1_12' title='bbox 2547 509 2796 594; x_wconf 89' lang='lat' dir='ltr'>Apuleii</span> 
     </span>
     <span class='ocr_line' id='line_1_3' title="bbox 492 612 2798 697; baseline -0.001 -19"><span class='ocrx_word' id='word_1_13' title='bbox 492 613 856 680; x_wconf 82' lang='lat' dir='ltr'>memoriam</span> <span class='ocrx_word' id='word_1_14' title='bbox 914 615 1268 681; x_wconf 85' lang='lat' dir='ltr'>refricatam</span> <span class='ocrx_word' id='word_1_15' title='bbox 1326 614 1532 694; x_wconf 91' lang='lat' dir='ltr'>velim,</span> <span class='ocrx_word' id='word_1_16' title='bbox 1604 613 1831 697; x_wconf 86' lang='lat' dir='ltr'>quippe</span> <span class='ocrx_word' id='word_1_17' title='bbox 1874 614 1984 696; x_wconf 90' lang='lat' dir='ltr'>qui</span> <span class='ocrx_word' id='word_1_18' title='bbox 2026 612 2411 696; x_wconf 79' lang='lat' dir='ltr'>impudicam</span> <span class='ocrx_word' id='word_1_19' title='bbox 2452 612 2629 678; x_wconf 90' lang='lat' dir='ltr'>illam</span> <span class='ocrx_word' id='word_1_20' title='bbox 2684 631 2798 677; x_wconf 91' lang='lat' dir='ltr'>no-</span> 
     </span>
     <span class='ocr_line' id='line_1_4' title="bbox 491 711 2796 796; baseline 0 -18"><span class='ocrx_word' id='word_1_21' title='bbox 491 731 760 796; x_wconf 87' lang='lat' dir='ltr'>vercam,</span> <span class='ocrx_word' id='word_1_22' title='bbox 804 713 1072 780; x_wconf 88' lang='lat' dir='ltr'>alteram</span> <span class='ocrx_word' id='word_1_23' title='bbox 1101 715 1469 794; x_wconf 80' lang='lat' dir='ltr'>Phaedram,</span> <span class='ocrx_word' id='word_1_24' title='bbox 1521 714 1824 779; x_wconf 88' lang='lat' dir='ltr'>saevienti</span> <span class='ocrx_word' id='word_1_25' title='bbox 1865 711 1977 778; x_wconf 90' lang='lat' dir='ltr'>deo</span> <span class='ocrx_word' id='word_1_26' title='bbox 2022 714 2250 778; x_wconf 90' lang='lat' dir='ltr'>sensim</span> <span class='ocrx_word' id='word_1_27' title='bbox 2295 713 2796 778; x_wconf 75' lang='lat' dir='ltr'>succumbentem</span> 
     </span>
     <span class='ocr_line' id='line_1_5' title="bbox 491 813 2796 899; baseline 0 -22"><span class='ocrx_word' id='word_1_28' title='bbox 491 813 803 878; x_wconf 72' lang='lat' dir='ltr'>describat</span> <span class='ocrx_word' id='word_1_29' title='bbox 845 815 907 878; x_wconf 92' lang='lat' dir='ltr'>et</span> <span class='ocrx_word' id='word_1_30' title='bbox 948 814 1073 879; x_wconf 85' lang='lat' dir='ltr'>ista</span> <span class='ocrx_word' id='word_1_31' title='bbox 1127 815 1351 881; x_wconf 86' lang='lat' dir='ltr'>salutis</span> <span class='ocrx_word' id='word_1_32' title='bbox 1411 815 1747 899; x_wconf 86' lang='lat' dir='ltr'>vultusque</span> <span class='ocrx_word' id='word_1_33' title='bbox 1800 814 2203 897; x_wconf 85' lang='lat' dir='ltr'>detrimenta,</span> <span class='ocrx_word' id='word_1_34' title='bbox 2268 832 2428 897; x_wconf 87' lang='lat' dir='ltr'>quae</span> <span class='ocrx_word' id='word_1_35' title='bbox 2481 814 2544 878; x_wconf 90' lang='lat' dir='ltr'>et</span> <span class='ocrx_word' id='word_1_36' title='bbox 2593 814 2796 897; x_wconf 83' lang='lat' dir='ltr'>aegris</span> 
     </span>
     <span class='ocr_line' id='line_1_6' title="bbox 490 914 2798 1000; baseline 0 -20"><span class='ocrx_word' id='word_1_37' title='bbox 490 915 553 980; x_wconf 90' lang='lat' dir='ltr'>et</span> <span class='ocrx_word' id='word_1_38' title='bbox 594 914 954 980; x_wconf 85' lang='lat' dir='ltr'>amantibus</span> <span class='ocrx_word' id='word_1_39' title='bbox 996 916 1371 980; x_wconf 82' lang='lat' dir='ltr'>examussim</span> <span class='ocrx_word' id='word_1_40' title='bbox 1417 915 1823 981; x_wconf 88' lang='lat' dir='ltr'>conveniant:</span> <span class='ocrx_word' id='word_1_41' title='bbox 1883 915 2183 997; x_wconf 85' lang='lat' dir='ltr'>pallorem</span> <span class='ocrx_word' id='word_1_42' title='bbox 2228 914 2586 1000; x_wconf 85' lang='lat' dir='ltr'>deformem,</span> <span class='ocrx_word' id='word_1_43' title='bbox 2631 935 2798 981; x_wconf 88' lang='lat' dir='ltr'>mar-</span> 
     </span>
     <span class='ocr_line' id='line_1_7' title="bbox 491 1015 2800 1099; baseline 0 -20"><span class='ocrx_word' id='word_1_44' title='bbox 491 1016 696 1080; x_wconf 89' lang='lat' dir='ltr'>centes</span> <span class='ocrx_word' id='word_1_45' title='bbox 749 1015 977 1099; x_wconf 91' lang='lat' dir='ltr'>oculos,</span> <span class='ocrx_word' id='word_1_46' title='bbox 1032 1016 1197 1082; x_wconf 89' lang='lat' dir='ltr'>lassa</span> <span class='ocrx_word' id='word_1_47' title='bbox 1241 1035 1465 1098; x_wconf 87' lang='lat' dir='ltr'>genua,</span> <span class='ocrx_word' id='word_1_48' title='bbox 1510 1016 1640 1082; x_wconf 85' lang='lat' dir='ltr'>alia</span> <span class='ocrx_word' id='word_1_49' title='bbox 1688 1016 2051 1082; x_wconf 74' lang='lat' dir='ltr'>minutatim</span> <span class='ocrx_word' id='word_1_50' title='bbox 2109 1017 2515 1082; x_wconf 91' lang='lat' dir='ltr'>consectetur.</span> <span class='ocrx_word' id='word_1_51' title='bbox 2601 1016 2800 1082; x_wconf 88' lang='lat' dir='ltr'>Vaces</span> 
     </span>
     <span class='ocr_line' id='line_1_8' title="bbox 491 1109 2798 1200; baseline 0 -20"><span class='ocrx_word' id='word_1_52' title='bbox 491 1116 873 1198; x_wconf 87' lang='lat' dir='ltr'>postremum</span> <span class='ocrx_word' id='word_1_53' title='bbox 918 1117 1048 1185; x_wconf 89' lang='lat' dir='ltr'>eius</span> <span class='ocrx_word' id='word_1_54' title='bbox 1090 1116 1497 1200; x_wconf 84' lang='lat' dir='ltr'>loquacitati:</span> <span class='ocrx_word' id='word_1_55' title='bbox 1539 1109 1558 1136; x_wconf 87' lang='lat'><em>‘</em></span> <span class='ocrx_word' id='word_1_56' title='bbox 1577 1116 1867 1182; x_wconf 86' lang='lat' dir='ltr'>Crederes</span> <span class='ocrx_word' id='word_1_57' title='bbox 1910 1117 1972 1182; x_wconf 92' lang='lat' dir='ltr'>et</span> <span class='ocrx_word' id='word_1_58' title='bbox 2004 1117 2185 1181; x_wconf 87' lang='lat' dir='ltr'>illam</span> <span class='ocrx_word' id='word_1_59' title='bbox 2215 1115 2517 1181; x_wconf 88' lang='lat' dir='ltr'>fluctuare</span> <span class='ocrx_word' id='word_1_60' title='bbox 2547 1115 2798 1181; x_wconf 87' lang='lat' dir='ltr'>tantum</span> 
     </span>
     <span class='ocr_line' id='line_1_9' title="bbox 491 1216 2797 1301; baseline 0 -20"><span class='ocrx_word' id='word_1_61' title='bbox 491 1216 825 1298; x_wconf 83' lang='lat' dir='ltr'>vaporibus</span> <span class='ocrx_word' id='word_1_62' title='bbox 871 1217 1157 1296; x_wconf 89' lang='lat' dir='ltr'>febrium,</span> <span class='ocrx_word' id='word_1_63' title='bbox 1203 1218 1326 1283; x_wconf 90' lang='lat' dir='ltr'>nisi</span> <span class='ocrx_word' id='word_1_64' title='bbox 1371 1218 1536 1300; x_wconf 91' lang='lat' dir='ltr'>quod</span> <span class='ocrx_word' id='word_1_65' title='bbox 1582 1217 1645 1282; x_wconf 91' lang='lat' dir='ltr'>et</span> <span class='ocrx_word' id='word_1_66' title='bbox 1680 1217 1885 1283; x_wconf 87' lang='lat' dir='ltr'>flebat.</span> <span class='ocrx_word' id='word_1_67' title='bbox 1957 1218 2095 1283; x_wconf 90' lang='lat' dir='ltr'>Heu</span> <span class='ocrx_word' id='word_1_68' title='bbox 2128 1217 2509 1283; x_wconf 88' lang='lat' dir='ltr'>medicorum</span> <span class='ocrx_word' id='word_1_69' title='bbox 2538 1217 2797 1301; x_wconf 85' lang='lat' dir='ltr'>ignarae</span> 
     </span>
     <span class='ocr_line' id='line_1_10' title="bbox 490 1317 2796 1402; baseline 0 -20"><span class='ocrx_word' id='word_1_70' title='bbox 490 1318 756 1384; x_wconf 82' lang='lat' dir='ltr'>mentes!</span> <span class='ocrx_word' id='word_1_71' title='bbox 846 1317 1006 1399; x_wconf 85' lang='lat' dir='ltr'>Quid</span> <span class='ocrx_word' id='word_1_72' title='bbox 1053 1338 1246 1385; x_wconf 88' lang='lat' dir='ltr'>venae</span> <span class='ocrx_word' id='word_1_73' title='bbox 1290 1319 1526 1402; x_wconf 88' lang='lat' dir='ltr'>pulsus,</span> <span class='ocrx_word' id='word_1_74' title='bbox 1601 1318 1750 1402; x_wconf 90' lang='lat' dir='ltr'>quid</span> <span class='ocrx_word' id='word_1_75' title='bbox 1796 1319 2023 1384; x_wconf 88' lang='lat' dir='ltr'>caloris</span> <span class='ocrx_word' id='word_1_76' title='bbox 2074 1318 2578 1402; x_wconf 84' lang='lat' dir='ltr'>intemperantia,</span> <span class='ocrx_word' id='word_1_77' title='bbox 2646 1318 2796 1402; x_wconf 89' lang='lat' dir='ltr'>quid</span> 
     </span>
     <span class='ocr_line' id='line_1_11' title="bbox 491 1417 2794 1503; baseline 0.001 -22"><span class='ocrx_word' id='word_1_78' title='bbox 491 1417 799 1499; x_wconf 85' lang='lat' dir='ltr'>fatigatus</span> <span class='ocrx_word' id='word_1_79' title='bbox 844 1418 1156 1485; x_wconf 89' lang='lat' dir='ltr'>anhelitus</span> <span class='ocrx_word' id='word_1_80' title='bbox 1200 1420 1263 1486; x_wconf 88' lang='lat' dir='ltr'>et</span> <span class='ocrx_word' id='word_1_81' title='bbox 1305 1420 1799 1503; x_wconf 85' lang='lat' dir='ltr'>utrimquesecus</span> <span class='ocrx_word' id='word_1_82' title='bbox 1852 1419 2127 1485; x_wconf 85' lang='lat' dir='ltr'>iactatae</span> <span class='ocrx_word' id='word_1_83' title='bbox 2178 1419 2476 1484; x_wconf 87' lang='lat' dir='ltr'>crebriter</span> <span class='ocrx_word' id='word_1_84' title='bbox 2527 1418 2794 1484; x_wconf 90' lang='lat' dir='ltr'>laterum</span> 
     </span>
     <span class='ocr_line' id='line_1_12' title="bbox 492 1518 2796 1602; baseline 0 -19"><span class='ocrx_word' id='word_1_85' title='bbox 492 1519 747 1584; x_wconf 86' lang='lat' dir='ltr'>mutuae</span> <span class='ocrx_word' id='word_1_86' title='bbox 789 1518 1293 1586; x_wconf 74' lang='lat' dir='ltr'>vicissitudines?</span> <span class='ocrx_word' id='word_1_87' title='bbox 1381 1520 1461 1585; x_wconf 90' lang='lat' dir='ltr'>Di</span> <span class='ocrx_word' id='word_1_88' title='bbox 1507 1522 1685 1586; x_wconf 77' lang='lat' dir='ltr'>boni!</span> <span class='ocrx_word' id='word_1_89' title='bbox 1774 1521 1975 1602; x_wconf 85' lang='lat' dir='ltr'>Quam</span> <span class='ocrx_word' id='word_1_90' title='bbox 2032 1519 2236 1586; x_wconf 88' lang='lat' dir='ltr'>facilis</span> <span class='ocrx_word' id='word_1_91' title='bbox 2278 1520 2427 1585; x_wconf 93' lang='lat' dir='ltr'>licet</span> <span class='ocrx_word' id='word_1_92' title='bbox 2470 1538 2593 1585; x_wconf 88' lang='lat' dir='ltr'>non</span> <span class='ocrx_word' id='word_1_93' title='bbox 2640 1520 2796 1586; x_wconf 87' lang='lat' dir='ltr'>arti·</span> 
     </span>
     <span class='ocr_line' id='line_1_13' title="bbox 493 1619 2797 1705; baseline 0 -21"><span class='ocrx_word' id='word_1_94' title='bbox 493 1620 596 1684; x_wconf 88' lang='lat' dir='ltr'>fici</span> <span class='ocrx_word' id='word_1_95' title='bbox 640 1619 900 1696; x_wconf 87' lang='lat' dir='ltr'>medico,</span> <span class='ocrx_word' id='word_1_96' title='bbox 964 1621 1163 1686; x_wconf 90' lang='lat' dir='ltr'>cuivis</span> <span class='ocrx_word' id='word_1_97' title='bbox 1207 1623 1417 1688; x_wconf 86' lang='lat' dir='ltr'>tamen</span> <span class='ocrx_word' id='word_1_98' title='bbox 1465 1622 1649 1688; x_wconf 91' lang='lat' dir='ltr'>docto</span> <span class='ocrx_word' id='word_1_99' title='bbox 1702 1622 1999 1688; x_wconf 90' lang='lat' dir='ltr'>Veneriae</span> <span class='ocrx_word' id='word_1_100' title='bbox 2044 1621 2353 1705; x_wconf 88' lang='lat' dir='ltr'>cupidinis</span> <span class='ocrx_word' id='word_1_101' title='bbox 2398 1621 2797 1704; x_wconf 90' lang='lat' dir='ltr'>comprehen-</span> 
     </span>
     <span class='ocr_line' id='line_1_14' title="bbox 493 1720 2797 1806; baseline 0 -21"><span class='ocrx_word' id='word_1_102' title='bbox 493 1720 605 1799; x_wconf 91' lang='lat' dir='ltr'>sio,</span> <span class='ocrx_word' id='word_1_103' title='bbox 651 1739 792 1785; x_wconf 91' lang='lat' dir='ltr'>cum</span> <span class='ocrx_word' id='word_1_104' title='bbox 837 1721 1047 1787; x_wconf 87' lang='lat' dir='ltr'>videas</span> <span class='ocrx_word' id='word_1_105' title='bbox 1093 1723 1366 1806; x_wconf 87' lang='lat' dir='ltr'>aliquem</span> <span class='ocrx_word' id='word_1_106' title='bbox 1407 1723 1540 1788; x_wconf 91' lang='lat' dir='ltr'>sine</span> <span class='ocrx_word' id='word_1_107' title='bbox 1582 1724 1855 1805; x_wconf 90' lang='lat' dir='ltr'>corporis</span> <span class='ocrx_word' id='word_1_108' title='bbox 1897 1723 2101 1789; x_wconf 89' lang='lat' dir='ltr'>calore</span> <span class='ocrx_word' id='word_1_109' title='bbox 2142 1722 2561 1806; x_wconf 87' lang='lat' dir='ltr'>flagrantem’.</span> <span class='ocrx_word' id='word_1_110' title='bbox 2605 1757 2673 1766; x_wconf 92' lang='lat'>-—</span> <span class='ocrx_word' id='word_1_111' title='bbox 2704 1721 2797 1786; x_wconf 80' lang='lat' dir='ltr'>Ex</span> 
     </span>
     <span class='ocr_line' id='line_1_15' title="bbox 493 1822 2794 1907; baseline 0.001 -21"><span class='ocrx_word' id='word_1_112' title='bbox 493 1822 718 1905; x_wconf 91' lang='lat' dir='ltr'>quibus</span> <span class='ocrx_word' id='word_1_113' title='bbox 783 1822 1070 1888; x_wconf 90' lang='lat' dir='ltr'>omnibus</span> <span class='ocrx_word' id='word_1_114' title='bbox 1135 1843 1257 1890; x_wconf 92' lang='grc'><strong>11011</strong></span> <span class='ocrx_word' id='word_1_115' title='bbox 1317 1825 1587 1907; x_wconf 88' lang='lat' dir='ltr'>amplius</span> <span class='ocrx_word' id='word_1_116' title='bbox 1645 1824 1863 1890; x_wconf 91' lang='lat' dir='ltr'>dubito</span> <span class='ocrx_word' id='word_1_117' title='bbox 1918 1823 2283 1890; x_wconf 87' lang='lat' dir='ltr'>concludere</span> <span class='ocrx_word' id='word_1_118' title='bbox 2335 1823 2401 1887; x_wconf 92' lang='lat' dir='ltr'>in</span> <span class='ocrx_word' id='word_1_119' title='bbox 2458 1823 2794 1905; x_wconf 85' lang='lat' dir='ltr'>exemplari</span> 
     </span>
     <span class='ocr_line' id='line_1_16' title="bbox 492 1922 2792 2009; baseline 0 -22"><span class='ocrx_word' id='word_1_120' title='bbox 492 1923 602 1988; x_wconf 90' lang='lat' dir='ltr'>illo</span> <span class='ocrx_word' id='word_1_121' title='bbox 656 1923 1094 2004; x_wconf 86' lang='lat' dir='ltr'>Alexandrino,</span> <span class='ocrx_word' id='word_1_122' title='bbox 1167 1925 1342 1992; x_wconf 89' lang='lat' dir='ltr'>cuius</span> <span class='ocrx_word' id='word_1_123' title='bbox 1410 1926 1581 1992; x_wconf 89' lang='lat' dir='ltr'>certa</span> <span class='ocrx_word' id='word_1_124' title='bbox 1654 1926 1920 2009; x_wconf 87' lang='lat' dir='ltr'>vestigia</span> <span class='ocrx_word' id='word_1_125' title='bbox 1984 1925 2169 1990; x_wconf 87' lang='lat' dir='ltr'>antea</span> <span class='ocrx_word' id='word_1_126' title='bbox 2225 1925 2444 2005; x_wconf 82' lang='lat' dir='ltr'>detexi,</span> <span class='ocrx_word' id='word_1_127' title='bbox 2510 1922 2792 1988; x_wconf 89' lang='lat' dir='ltr'>Cressam</span> 
     </span>
     <span class='ocr_line' id='line_1_17' title="bbox 493 2023 2793 2108; baseline 0.001 -21"><span class='ocrx_word' id='word_1_128' title='bbox 493 2023 784 2106; x_wconf 89' lang='lat' dir='ltr'>puellam,</span> <span class='ocrx_word' id='word_1_129' title='bbox 831 2025 1109 2092; x_wconf 90' lang='lat' dir='ltr'>omnium</span> <span class='ocrx_word' id='word_1_130' title='bbox 1151 2027 1390 2108; x_wconf 88' lang='lat' dir='ltr'>perdite</span> <span class='ocrx_word' id='word_1_131' title='bbox 1431 2027 1783 2093; x_wconf 90' lang='lat' dir='ltr'>amantium</span> <span class='ocrx_word' id='word_1_132' title='bbox 1839 2025 2202 2108; x_wconf 83' lang='lat' dir='ltr'>exemplum,</span> <span class='ocrx_word' id='word_1_133' title='bbox 2268 2025 2556 2090; x_wconf 88' lang='lat' dir='ltr'>omnibus</span> <span class='ocrx_word' id='word_1_134' title='bbox 2609 2044 2793 2090; x_wconf 88' lang='lat' dir='ltr'>orna-</span> 
     </span>
     <span class='ocr_line' id='line_1_18' title="bbox 493 2125 2792 2204; baseline 0 -16"><span class='ocrx_word' id='word_1_135' title='bbox 493 2125 844 2190; x_wconf 88' lang='lat' dir='ltr'>mentorum</span> <span class='ocrx_word' id='word_1_136' title='bbox 874 2125 1129 2192; x_wconf 90' lang='lat' dir='ltr'>illorum</span> <span class='ocrx_word' id='word_1_137' title='bbox 1174 2127 1514 2193; x_wconf 90' lang='lat' dir='ltr'>luminibus</span> <span class='ocrx_word' id='word_1_138' title='bbox 1561 2128 1919 2194; x_wconf 88' lang='lat' dir='ltr'>decoratam</span> <span class='ocrx_word' id='word_1_139' title='bbox 1965 2127 2184 2204; x_wconf 80' lang='lat' dir='ltr'>fuisse3</span> <span class='ocrx_word' id='word_1_140' title='bbox 2237 2127 2455 2191; x_wconf 88' lang='lat' dir='ltr'>contra</span> <span class='ocrx_word' id='word_1_141' title='bbox 2499 2125 2792 2191; x_wconf 87' lang='lat' dir='ltr'>Senecam</span> 
     </span>
     <span class='ocr_line' id='line_1_19' title="bbox 491 2225 2792 2310; baseline 0.002 -22"><span class='ocrx_word' id='word_1_142' title='bbox 491 2225 608 2290; x_wconf 92' lang='lat' dir='ltr'>hoc</span> <span class='ocrx_word' id='word_1_143' title='bbox 648 2227 982 2309; x_wconf 85' lang='lat' dir='ltr'>exemplari</span> <span class='ocrx_word' id='word_1_144' title='bbox 1026 2246 1207 2294; x_wconf 88' lang='lat' dir='ltr'>usum</span> <span class='ocrx_word' id='word_1_145' title='bbox 1249 2229 1412 2294; x_wconf 89' lang='lat' dir='ltr'>male</span> <span class='ocrx_word' id='word_1_146' title='bbox 1459 2230 1745 2295; x_wconf 88' lang='lat' dir='ltr'>sedulum</span> <span class='ocrx_word' id='word_1_147' title='bbox 1776 2229 2142 2294; x_wconf 88' lang='lat' dir='ltr'>ornamenta</span> <span class='ocrx_word' id='word_1_148' title='bbox 2170 2247 2209 2293; x_wconf 97' lang='lat' dir='ltr'>a</span> <span class='ocrx_word' id='word_1_149' title='bbox 2244 2228 2492 2310; x_wconf 86' lang='lat' dir='ltr'>tragica</span> <span class='ocrx_word' id='word_1_150' title='bbox 2523 2227 2792 2294; x_wconf 85' lang='lat' dir='ltr'>Camena</span> 
     </span>
     <span class='ocr_line' id='line_1_20' title="bbox 494 2326 2793 2413; baseline 0.001 -22"><span class='ocrx_word' id='word_1_151' title='bbox 494 2326 874 2392; x_wconf 86' lang='lat' dir='ltr'>alienissima</span> <span class='ocrx_word' id='word_1_152' title='bbox 939 2328 1187 2394; x_wconf 90' lang='lat' dir='ltr'>fabulae</span> <span class='ocrx_word' id='word_1_153' title='bbox 1237 2349 1386 2394; x_wconf 87' lang='lat' dir='ltr'>suae</span> <span class='ocrx_word' id='word_1_154' title='bbox 1427 2349 1648 2413; x_wconf 87' lang='lat' dir='ltr'>parum</span> <span class='ocrx_word' id='word_1_155' title='bbox 1704 2330 1870 2413; x_wconf 91' lang='lat' dir='ltr'>aptis</span> <span class='ocrx_word' id='word_1_156' title='bbox 1928 2330 2082 2395; x_wconf 88' lang='lat' dir='ltr'>locis</span> <span class='ocrx_word' id='word_1_157' title='bbox 2135 2329 2535 2394; x_wconf 88' lang='lat' dir='ltr'>admiscuisse</span> <span class='ocrx_word' id='word_1_158' title='bbox 2584 2329 2793 2413; x_wconf 89' lang='lat' dir='ltr'>eisque</span> 
     </span>
     <span class='ocr_line' id='line_1_21' title="bbox 492 2429 2791 2513; baseline 0.001 -23"><span class='ocrx_word' id='word_1_159' title='bbox 492 2429 809 2510; x_wconf 88' lang='lat' dir='ltr'>praeterea</span> <span class='ocrx_word' id='word_1_160' title='bbox 864 2447 1006 2493; x_wconf 92' lang='lat' dir='ltr'>cum</span> <span class='ocrx_word' id='word_1_161' title='bbox 1057 2429 1366 2496; x_wconf 89' lang='lat' dir='ltr'>coloribus</span> <span class='ocrx_word' id='word_1_162' title='bbox 1407 2431 1723 2496; x_wconf 85' lang='lat' dir='ltr'>scaenisve</span> <span class='ocrx_word' id='word_1_163' title='bbox 1768 2430 2117 2513; x_wconf 87' lang='lat' dir='ltr'>Euripideis</span> <span class='ocrx_word' id='word_1_164' title='bbox 2173 2430 2411 2513; x_wconf 89' lang='lat' dir='ltr'>pingui,</span> <span class='ocrx_word' id='word_1_165' title='bbox 2484 2431 2551 2493; x_wconf 91' lang='lat' dir='ltr'>ut</span> <span class='ocrx_word' id='word_1_166' title='bbox 2594 2430 2791 2508; x_wconf 90' lang='lat' dir='ltr'>aiunt,</span> 
     </span>
     <span class='ocr_line' id='line_1_22' title="bbox 489 2528 2505 2599; baseline 0.001 -6"><span class='ocrx_word' id='word_1_167' title='bbox 489 2528 772 2595; x_wconf 88' lang='lat' dir='ltr'>Minerva</span> <span class='ocrx_word' id='word_1_168' title='bbox 819 2533 1220 2598; x_wconf 86' lang='lat' dir='ltr'>commutatis</span> <span class='ocrx_word' id='word_1_169' title='bbox 1264 2533 1750 2599; x_wconf 84' lang='lat' dir='ltr'>concinnitatem</span> <span class='ocrx_word' id='word_1_170' title='bbox 1794 2552 2161 2599; x_wconf 86' lang='lat' dir='ltr'>scaenarum</span> <span class='ocrx_word' id='word_1_171' title='bbox 2202 2533 2505 2598; x_wconf 88' lang='lat' dir='ltr'>turbasse.</span> 
     </span>
     <span class='ocr_line' id='line_1_23' title="bbox 689 2631 2790 2717; baseline 0.001 -22"><span class='ocrx_word' id='word_1_172' title='bbox 689 2631 969 2715; x_wconf 89' lang='lat' dir='ltr'>Denique</span> <span class='ocrx_word' id='word_1_173' title='bbox 1031 2632 1304 2699; x_wconf 89' lang='lat' dir='ltr'>eiusdem</span> <span class='ocrx_word' id='word_1_174' title='bbox 1368 2635 1756 2702; x_wconf 84' lang='lat' dir='ltr'>adventiciae</span> <span class='ocrx_word' id='word_1_175' title='bbox 1816 2635 1972 2700; x_wconf 88' lang='lat' dir='ltr'>artis</span> <span class='ocrx_word' id='word_1_176' title='bbox 2032 2634 2299 2717; x_wconf 85' lang='lat' dir='ltr'>vestigia</span> <span class='ocrx_word' id='word_1_177' title='bbox 2365 2634 2572 2699; x_wconf 85' lang='lat' dir='ltr'>tenere</span> <span class='ocrx_word' id='word_1_178' title='bbox 2636 2632 2790 2698; x_wconf 90' lang='lat' dir='ltr'>mihi</span> 
     </span>
     <span class='ocr_line' id='line_1_24' title="bbox 489 2730 2788 2831; baseline 0.001 -35"><span class='ocrx_word' id='word_1_179' title='bbox 489 2730 702 2796; x_wconf 92' lang='lat' dir='ltr'>videor</span> <span class='ocrx_word' id='word_1_180' title='bbox 742 2733 809 2797; x_wconf 92' lang='lat' dir='ltr'>in</span> <span class='ocrx_word' id='word_1_181' title='bbox 855 2736 1149 2817; x_wconf 90' lang='lat' dir='ltr'>sequente</span> <span class='ocrx_word' id='word_1_182' title='bbox 1192 2755 1442 2816; x_wconf 87' lang='lat' dir='ltr'>scaena,</span> <span class='ocrx_word' id='word_1_183' title='bbox 1506 2756 1631 2819; x_wconf 90' lang='lat' dir='ltr'>qua</span> <span class='ocrx_word' id='word_1_184' title='bbox 1676 2737 1962 2803; x_wconf 88' lang='lat' dir='ltr'>Phaedra</span> <span class='ocrx_word' id='word_1_185' title='bbox 2004 2735 2219 2801; x_wconf 90' lang='lat' dir='ltr'>solitos</span> <span class='ocrx_word' id='word_1_186' title='bbox 2266 2735 2534 2803; x_wconf 88' lang='lat' dir='ltr'>amictus</span> <span class='ocrx_word' id='word_1_187' title='bbox 2578 2753 2788 2831; x_wconf 77' lang='lat' dir='ltr'>asper-</span> 
     </span>
     <span class='ocr_line' id='line_1_25' title="bbox 490 2832 2787 2920; baseline 0.003 -25"><span class='ocrx_word' id='word_1_188' title='bbox 490 2850 648 2896; x_wconf 87' lang='lat' dir='ltr'>nans</span> <span class='ocrx_word' id='word_1_189' title='bbox 689 2832 756 2897; x_wconf 93' lang='lat' dir='ltr'>in</span> <span class='ocrx_word' id='word_1_190' title='bbox 798 2836 989 2901; x_wconf 87' lang='lat' dir='ltr'>silvas</span> <span class='ocrx_word' id='word_1_191' title='bbox 1033 2835 1182 2900; x_wconf 86' lang='lat' dir='ltr'>ferri</span> <span class='ocrx_word' id='word_1_192' title='bbox 1223 2838 1287 2901; x_wconf 91' lang='lat' dir='ltr'>et</span> <span class='ocrx_word' id='word_1_193' title='bbox 1328 2840 1625 2903; x_wconf 89' lang='lat' dir='ltr'>venatum</span> <span class='ocrx_word' id='word_1_194' title='bbox 1667 2838 1757 2903; x_wconf 90' lang='lat' dir='ltr'>ire</span> <span class='ocrx_word' id='word_1_195' title='bbox 1801 2837 2032 2920; x_wconf 85' lang='lat' dir='ltr'>expetit</span> <span class='ocrx_word' id='word_1_196' title='bbox 2074 2840 2160 2916; x_wconf 92' lang='lat' dir='ltr'>(v.</span> <span class='ocrx_word' id='word_1_197' title='bbox 2206 2838 2329 2903; x_wconf 84' lang='lat'>387</span> <span class='ocrx_word' id='word_1_198' title='bbox 2374 2834 2511 2919; x_wconf 88' lang='lat' dir='ltr'>sq.),</span> <span class='ocrx_word' id='word_1_199' title='bbox 2572 2836 2787 2920; x_wconf 87' lang='lat' dir='ltr'>qualia-</span> 
     </span>
     <span class='ocr_line' id='line_1_26' title="bbox 490 2931 2788 3024; baseline 0.004 -30"><span class='ocrx_word' id='word_1_200' title='bbox 490 2931 816 3015; x_wconf 87' lang='lat' dir='ltr'>Euripides</span> <span class='ocrx_word' id='word_1_201' title='bbox 861 2955 1108 3019; x_wconf 87' lang='lat' dir='ltr'>quoque</span> <span class='ocrx_word' id='word_1_202' title='bbox 1168 2936 1425 3004; x_wconf 85' lang='lat' dir='ltr'>denotat</span> <span class='ocrx_word' id='word_1_203' title='bbox 1494 2940 1598 3023; x_wconf 89' lang='lat' dir='ltr'>(cf.</span> <span class='ocrx_word' id='word_1_204' title='bbox 1643 2959 1700 3004; x_wconf 89' lang='lat' dir='ltr'>v.</span> <span class='ocrx_word' id='word_1_205' title='bbox 1748 2941 1868 3005; x_wconf 98' lang='grc'>201</span> <span class='ocrx_word' id='word_1_206' title='bbox 1914 2958 2005 3023; x_wconf 91' lang='lat' dir='ltr'>sq.</span> <span class='ocrx_word' id='word_1_207' title='bbox 2053 2941 2176 3004; x_wconf 84' lang='lat'>215</span> <span class='ocrx_word' id='word_1_208' title='bbox 2220 2940 2359 3024; x_wconf 88' lang='lat' dir='ltr'>sq.).</span> <span class='ocrx_word' id='word_1_209' title='bbox 2446 2938 2567 3005; x_wconf 89' lang='lat' dir='ltr'>Sed</span> <span class='ocrx_word' id='word_1_210' title='bbox 2607 2938 2788 3020; x_wconf 86' lang='lat' dir='ltr'>poeta</span> 
     </span>
     <span class='ocr_line' id='line_1_27' title="bbox 490 3033 2791 3122; baseline 0.003 -26"><span class='ocrx_word' id='word_1_211' title='bbox 490 3033 812 3099; x_wconf 87' lang='lat' dir='ltr'>Romanus</span> <span class='ocrx_word' id='word_1_212' title='bbox 877 3054 1006 3100; x_wconf 91' lang='lat' dir='ltr'>rem</span> <span class='ocrx_word' id='word_1_213' title='bbox 1076 3037 1276 3103; x_wconf 88' lang='lat' dir='ltr'>faceto</span> <span class='ocrx_word' id='word_1_214' title='bbox 1350 3039 1618 3121; x_wconf 89' lang='lat' dir='ltr'>quodam</span> <span class='ocrx_word' id='word_1_215' title='bbox 1687 3040 1973 3106; x_wconf 88' lang='lat' dir='ltr'>acumine</span> <span class='ocrx_word' id='word_1_216' title='bbox 2037 3039 2267 3117; x_wconf 92' lang='lat' dir='ltr'>condit,</span> <span class='ocrx_word' id='word_1_217' title='bbox 2342 3058 2485 3104; x_wconf 90' lang='lat' dir='ltr'>cum</span> <span class='ocrx_word' id='word_1_218' title='bbox 2550 3039 2791 3122; x_wconf 89' lang='lat' dir='ltr'>Hippo-</span> 
     </span>
     <span class='ocr_line' id='line_1_28' title="bbox 489 3134 2792 3221; baseline 0.003 -24"><span class='ocrx_word' id='word_1_219' title='bbox 489 3134 620 3215; x_wconf 87' lang='lat' dir='ltr'>lyto</span> <span class='ocrx_word' id='word_1_220' title='bbox 674 3134 1012 3201; x_wconf 90' lang='lat' dir='ltr'>Amazonis</span> <span class='ocrx_word' id='word_1_221' title='bbox 1071 3136 1200 3202; x_wconf 93' lang='lat' dir='ltr'>filio</span> <span class='ocrx_word' id='word_1_222' title='bbox 1250 3138 1520 3219; x_wconf 90' lang='lat' dir='ltr'>puellam</span> <span class='ocrx_word' id='word_1_223' title='bbox 1567 3140 1959 3206; x_wconf 86' lang='lat' dir='ltr'>Amazonum</span> <span class='ocrx_word' id='word_1_224' title='bbox 2026 3140 2247 3205; x_wconf 90' lang='lat' dir='ltr'>habitu</span> <span class='ocrx_word' id='word_1_225' title='bbox 2306 3139 2632 3221; x_wconf 89' lang='lat' dir='ltr'>procedere</span> <span class='ocrx_word' id='word_1_226' title='bbox 2688 3158 2792 3203; x_wconf 84' lang='lat' dir='ltr'>ex-</span> 
     </span>
     <span class='ocr_line' id='line_1_29' title="bbox 491 3234 2791 3325; baseline 0.004 -28"><span class='ocrx_word' id='word_1_227' title='bbox 491 3234 800 3315; x_wconf 88' lang='lat' dir='ltr'>petentem</span> <span class='ocrx_word' id='word_1_228' title='bbox 846 3237 1276 3303; x_wconf 89' lang='lat' dir='ltr'>accommodat</span> <span class='ocrx_word' id='word_1_229' title='bbox 1325 3242 1343 3314; x_wconf 94' lang='lat'>(</span> <span class='ocrx_word' id='word_1_230' title='bbox 1356 3258 1410 3303; x_wconf 89' lang='lat' dir='ltr'>v.</span> <span class='ocrx_word' id='word_1_231' title='bbox 1457 3240 1582 3304; x_wconf 87' lang='grc'>399</span> <span class='ocrx_word' id='word_1_232' title='bbox 1628 3243 1785 3325; x_wconf 90' lang='lat' dir='ltr'>sq.);</span> <span class='ocrx_word' id='word_1_233' title='bbox 1846 3240 2013 3323; x_wconf 88' lang='lat' dir='ltr'>quod</span> <span class='ocrx_word' id='word_1_234' title='bbox 2057 3240 2300 3323; x_wconf 86' lang='lat' dir='ltr'>tragico</span> <span class='ocrx_word' id='word_1_235' title='bbox 2347 3239 2679 3323; x_wconf 86' lang='lat' dir='ltr'>exemplari</span> <span class='ocrx_word' id='word_1_236' title='bbox 2721 3257 2791 3306; x_wconf 94' lang='lat' dir='ltr'>eo</span> 
     </span>
     <span class='ocr_line' id='line_1_30' title="bbox 489 3336 2791 3423; baseline 0.003 -24"><span class='ocrx_word' id='word_1_237' title='bbox 489 3336 898 3403; x_wconf 89' lang='lat' dir='ltr'>confidentius</span> <span class='ocrx_word' id='word_1_238' title='bbox 954 3339 1207 3423; x_wconf 86' lang='lat' dir='ltr'>abrogo,</span> <span class='ocrx_word' id='word_1_239' title='bbox 1274 3359 1394 3422; x_wconf 90' lang='lat' dir='ltr'>quo</span> <span class='ocrx_word' id='word_1_240' title='bbox 1461 3341 1707 3422; x_wconf 85' lang='lat' dir='ltr'>planius</span> <span class='ocrx_word' id='word_1_241' title='bbox 1763 3342 2057 3407; x_wconf 89' lang='lat' dir='ltr'>iunctura</span> <span class='ocrx_word' id='word_1_242' title='bbox 2118 3341 2280 3406; x_wconf 89' lang='lat' dir='ltr'>male</span> <span class='ocrx_word' id='word_1_243' title='bbox 2329 3339 2577 3406; x_wconf 88' lang='lat' dir='ltr'>occulta</span> <span class='ocrx_word' id='word_1_244' title='bbox 2620 3359 2791 3407; x_wconf 91' lang='lat' dir='ltr'>com-</span> 
     </span>
     <span class='ocr_line' id='line_1_31' title="bbox 488 3437 2793 3525; baseline 0.003 -25"><span class='ocrx_word' id='word_1_245' title='bbox 488 3437 818 3519; x_wconf 88' lang='lat' dir='ltr'>pilatorem</span> <span class='ocrx_word' id='word_1_246' title='bbox 871 3439 1097 3521; x_wconf 88' lang='lat' dir='ltr'>prodit.</span> <span class='ocrx_word' id='word_1_247' title='bbox 1183 3440 1500 3506; x_wconf 90' lang='lat' dir='ltr'>Nimirum</span> <span class='ocrx_word' id='word_1_248' title='bbox 1562 3460 1777 3507; x_wconf 89' lang='lat' dir='ltr'>comae</span> <span class='ocrx_word' id='word_1_249' title='bbox 1831 3443 2075 3508; x_wconf 83' lang='lat' dir='ltr'>solutae</span> <span class='ocrx_word' id='word_1_250' title='bbox 2099 3492 2115 3521; x_wconf 94' lang='lat'>,</span> <span class='ocrx_word' id='word_1_251' title='bbox 2186 3460 2341 3525; x_wconf 87' lang='lat' dir='ltr'>quas</span> <span class='ocrx_word' id='word_1_252' title='bbox 2395 3442 2507 3507; x_wconf 88' lang='lat' dir='ltr'>illa</span> <span class='ocrx_word' id='word_1_253' title='bbox 2563 3442 2793 3508; x_wconf 85' lang='lat' dir='ltr'>temere</span> 
     </span>
     <span class='ocr_line' id='line_1_32' title="bbox 487 3538 2789 3625; baseline 0.003 -24"><span class='ocrx_word' id='word_1_254' title='bbox 487 3538 686 3605; x_wconf 89' lang='lat' dir='ltr'>iactas</span> <span class='ocrx_word' id='word_1_255' title='bbox 729 3539 957 3604; x_wconf 91' lang='lat' dir='ltr'>collum</span> <span class='ocrx_word' id='word_1_256' title='bbox 1008 3559 1374 3623; x_wconf 89' lang='lat' dir='ltr'>umerosque</span> <span class='ocrx_word' id='word_1_257' title='bbox 1414 3542 1779 3624; x_wconf 89' lang='lat' dir='ltr'>perfundere</span> <span class='ocrx_word' id='word_1_258' title='bbox 1844 3543 2016 3625; x_wconf 89' lang='lat' dir='ltr'>cupit</span> <span class='ocrx_word' id='word_1_259' title='bbox 2081 3545 2166 3621; x_wconf 89' lang='lat' dir='ltr'>(v.</span> <span class='ocrx_word' id='word_1_260' title='bbox 2216 3542 2390 3625; x_wconf 89' lang='lat'>394),</span> <span class='ocrx_word' id='word_1_261' title='bbox 2459 3543 2789 3609; x_wconf 87' lang='lat' dir='ltr'>manifesto</span> 
     </span>
     <span class='ocr_line' id='line_1_33' title="bbox 487 3640 2790 3727; baseline 0.002 -25"><span class='ocrx_word' id='word_1_262' title='bbox 487 3640 852 3722; x_wconf 90' lang='lat' dir='ltr'>obstrepunt</span> <span class='ocrx_word' id='word_1_263' title='bbox 895 3642 1287 3708; x_wconf 88' lang='lat' dir='ltr'>Amazonum</span> <span class='ocrx_word' id='word_1_264' title='bbox 1335 3643 1528 3707; x_wconf 86' lang='lat' dir='ltr'>cornis</span> <span class='ocrx_word' id='word_1_265' title='bbox 1586 3643 1650 3708; x_wconf 93' lang='lat' dir='ltr'>in</span> <span class='ocrx_word' id='word_1_266' title='bbox 1708 3644 1939 3709; x_wconf 90' lang='lat' dir='ltr'>nodum</span> <span class='ocrx_word' id='word_1_267' title='bbox 1999 3644 2285 3727; x_wconf 88' lang='lat' dir='ltr'>religatis</span> <span class='ocrx_word' id='word_1_268' title='bbox 2352 3643 2437 3726; x_wconf 88' lang='lat' dir='ltr'>(v.</span> <span class='ocrx_word' id='word_1_269' title='bbox 2483 3644 2605 3709; x_wconf 90' lang='lat'>401</span> <span class='ocrx_word' id='word_1_270' title='bbox 2652 3644 2790 3727; x_wconf 90' lang='lat' dir='ltr'>sq.).</span> 
     </span>
     <span class='ocr_line' id='line_1_34' title="bbox 488 3738 2792 3826; baseline 0.003 -23"><span class='ocrx_word' id='word_1_271' title='bbox 488 3738 773 3804; x_wconf 90' lang='lat' dir='ltr'>Alterum</span> <span class='ocrx_word' id='word_1_272' title='bbox 818 3741 950 3807; x_wconf 86' lang='lat' dir='ltr'>sine</span> <span class='ocrx_word' id='word_1_273' title='bbox 994 3742 1180 3808; x_wconf 88' lang='lat' dir='ltr'>dubio</span> <span class='ocrx_word' id='word_1_274' title='bbox 1225 3744 1305 3808; x_wconf 92' lang='lat' dir='ltr'>ab</span> <span class='ocrx_word' id='word_1_275' title='bbox 1334 3744 1630 3826; x_wconf 86' lang='lat' dir='ltr'>Euripide</span> <span class='ocrx_word' id='word_1_276' title='bbox 1678 3746 1780 3821; x_wconf 90' lang='lat' dir='ltr'>(cf.</span> <span class='ocrx_word' id='word_1_277' title='bbox 1817 3766 1870 3811; x_wconf 90' lang='lat' dir='ltr'>v.</span> <span class='ocrx_word' id='word_1_278' title='bbox 1896 3745 2047 3826; x_wconf 83' lang='lat'>202)</span> <span class='ocrx_word' id='word_1_279' title='bbox 2092 3746 2419 3810; x_wconf 82' lang='lat' dir='ltr'>mutuatus</span> <span class='ocrx_word' id='word_1_280' title='bbox 2464 3746 2591 3820; x_wconf 84' lang='lat' dir='ltr'>est;</span> <span class='ocrx_word' id='word_1_281' title='bbox 2633 3744 2792 3810; x_wconf 84' lang='lat' dir='ltr'>alte-</span> 
     </span>
     <span class='ocr_line' id='line_1_35' title="bbox 487 3843 2791 3928; baseline 0.003 -27"><span class='ocrx_word' id='word_1_282' title='bbox 487 3858 627 3903; x_wconf 88' lang='lat' dir='ltr'>rum</span> <span class='ocrx_word' id='word_1_283' title='bbox 675 3875 750 3885; x_wconf 95' lang='lat'><strong>—</strong></span> <span class='ocrx_word' id='word_1_284' title='bbox 796 3843 962 3907; x_wconf 91' lang='lat' dir='ltr'>unde</span> <span class='ocrx_word' id='word_1_285' title='bbox 1006 3843 1236 3909; x_wconf 80' lang='lat' dir='ltr'>habet?</span> <span class='ocrx_word' id='word_1_286' title='bbox 1282 3844 1734 3911; x_wconf 85' lang='lat' dir='ltr'>Alexandrinos</span> <span class='ocrx_word' id='word_1_287' title='bbox 1779 3846 2039 3912; x_wconf 87' lang='lat' dir='ltr'>eroticos</span> <span class='ocrx_word' id='word_1_288' title='bbox 2084 3846 2223 3928; x_wconf 90' lang='grc'><strong>3013,</strong></span> <span class='ocrx_word' id='word_1_289' title='bbox 2269 3864 2411 3911; x_wconf 85' lang='grc'><strong>011111</strong></span> <span class='ocrx_word' id='word_1_290' title='bbox 2452 3845 2565 3910; x_wconf 90' lang='grc'><strong>1110</strong></span> <span class='ocrx_word' id='word_1_291' title='bbox 2611 3864 2791 3928; x_wconf 88' lang='lat' dir='ltr'>prae-</span> 
     </span>
     <span class='ocr_line' id='line_1_36' title="bbox 488 3933 2789 4029; baseline 0.003 -25"><span class='ocrx_word' id='word_1_292' title='bbox 488 3939 665 4021; x_wconf 89' lang='lat' dir='ltr'>cipue</span> <span class='ocrx_word' id='word_1_293' title='bbox 711 3940 986 4025; x_wconf 88' lang='lat' dir='ltr'>tempore</span> <span class='ocrx_word' id='word_1_294' title='bbox 1028 3945 1295 4010; x_wconf 89' lang='lat' dir='ltr'>venandi</span> <span class='ocrx_word' id='word_1_295' title='bbox 1337 3933 1617 4011; x_wconf 83' lang='lat' dir='ltr'>studium</span> <span class='ocrx_word' id='word_1_296' title='bbox 1661 3966 1733 4012; x_wconf 92' lang='grc'>30</span> <span class='ocrx_word' id='word_1_297' title='bbox 1768 3947 2053 4029; x_wconf 87' lang='lat' dir='ltr'>voluptas</span> <span class='ocrx_word' id='word_1_298' title='bbox 2082 3946 2327 4011; x_wconf 86' lang='lat' dir='ltr'>floreret</span> <span class='ocrx_word' id='word_1_299' title='bbox 2342 3949 2385 4029; x_wconf 80' lang='lat'>²,</span> <span class='ocrx_word' id='word_1_300' title='bbox 2430 3945 2789 4011; x_wconf 88' lang='lat' dir='ltr'>fastidiosas</span> 
     </span>
    </p>
   </div>
   <div class='ocr_carea' id='block_1_3' title="bbox 487 4097 885 4105">
    <p class='ocr_par' dir='ltr' id='par_1_3' title="bbox 487 4097 885 4105">
     <span class='ocr_line' id='line_1_37' title="bbox 487 4097 885 4105; baseline 0 923"><span class='ocrx_word' id='word_1_301' title='bbox 487 4097 885 4105; x_wconf 95' lang='lat' dir='ltr'> </span> 
     </span>
    </p>
   </div>
   <div class='ocr_carea' id='block_1_4' title="bbox 487 4177 2788 4435">
    <p class='ocr_par' dir='ltr' id='par_1_4' title="bbox 487 4177 2788 4435">
     <span class='ocr_line' id='line_1_38' title="bbox 689 4177 2788 4256; baseline 0.002 -24"><span class='ocrx_word' id='word_1_302' title='bbox 689 4179 710 4211; x_wconf 90' lang='lat'>¹</span> <span class='ocrx_word' id='word_1_303' title='bbox 751 4177 831 4233; x_wconf 84' lang='lat' dir='ltr'>Cf.</span> <span class='ocrx_word' id='word_1_304' title='bbox 870 4178 1100 4251; x_wconf 85' lang='lat' dir='ltr'>Dilthey</span> <span class='ocrx_word' id='word_1_305' title='bbox 1137 4183 1173 4236; x_wconf 96' lang='lat' dir='ltr'>l.</span> <span class='ocrx_word' id='word_1_306' title='bbox 1211 4183 1247 4238; x_wconf 95' lang='lat'>1.</span> <span class='ocrx_word' id='word_1_307' title='bbox 1285 4200 1342 4253; x_wconf 89' lang='lat' dir='ltr'>p.</span> <span class='ocrx_word' id='word_1_308' title='bbox 1381 4184 1450 4238; x_wconf 92' lang='grc'>70</span> <span class='ocrx_word' id='word_1_309' title='bbox 1476 4202 1558 4255; x_wconf 88' lang='lat' dir='ltr'>sq.</span> <span class='ocrx_word' id='word_1_310' title='bbox 1596 4184 1794 4240; x_wconf 88' lang='lat' dir='ltr'>Rohde</span> <span class='ocrx_word' id='word_1_311' title='bbox 1831 4186 1868 4239; x_wconf 96' lang='lat' dir='ltr'>l.</span> <span class='ocrx_word' id='word_1_312' title='bbox 1907 4187 1944 4241; x_wconf 96' lang='lat' dir='ltr'>l.</span> <span class='ocrx_word' id='word_1_313' title='bbox 1982 4204 2038 4256; x_wconf 87' lang='lat' dir='ltr'>p.</span> <span class='ocrx_word' id='word_1_314' title='bbox 2070 4188 2172 4241; x_wconf 87' lang='grc'>157</span> <span class='ocrx_word' id='word_1_315' title='bbox 2196 4202 2278 4254; x_wconf 88' lang='lat' dir='ltr'>sq.</span> <span class='ocrx_word' id='word_1_316' title='bbox 2339 4182 2576 4241; x_wconf 88' lang='lat' dir='ltr'>Brevius</span> <span class='ocrx_word' id='word_1_317' title='bbox 2594 4182 2788 4253; x_wconf 80' lang='lat' dir='ltr'>Byblis</span> 
     </span>
     <span class='ocr_line' id='line_1_39' title="bbox 487 4266 1770 4345; baseline 0.005 -24"><span class='ocrx_word' id='word_1_318' title='bbox 487 4266 628 4323; x_wconf 87' lang='lat' dir='ltr'>talia</span> <span class='ocrx_word' id='word_1_319' title='bbox 662 4268 824 4339; x_wconf 83' lang='lat' dir='ltr'>signa</span> <span class='ocrx_word' id='word_1_320' title='bbox 862 4274 1089 4324; x_wconf 87' lang='lat' dir='ltr'>enarrat</span> <span class='ocrx_word' id='word_1_321' title='bbox 1126 4269 1224 4326; x_wconf 88' lang='lat' dir='ltr'>Ov.</span> <span class='ocrx_word' id='word_1_322' title='bbox 1250 4272 1384 4327; x_wconf 88' lang='lat' dir='ltr'>Met.</span> <span class='ocrx_word' id='word_1_323' title='bbox 1421 4273 1520 4343; x_wconf 90' lang='lat' dir='ltr'>IX,</span> <span class='ocrx_word' id='word_1_324' title='bbox 1558 4276 1663 4329; x_wconf 83' lang='lat'>535</span> <span class='ocrx_word' id='word_1_325' title='bbox 1690 4292 1770 4345; x_wconf 87' lang='lat' dir='ltr'>sq.</span> 
     </span>
     <span class='ocr_line' id='line_1_40' title="bbox 687 4355 1922 4435; baseline 0.006 -25"><span class='ocrx_word' id='word_1_326' title='bbox 687 4358 709 4390; x_wconf 76' lang='lat'>²</span> <span class='ocrx_word' id='word_1_327' title='bbox 747 4355 829 4411; x_wconf 85' lang='lat' dir='ltr'>Cf.</span> <span class='ocrx_word' id='word_1_328' title='bbox 869 4356 1075 4429; x_wconf 84' lang='lat' dir='ltr'>Helbig</span> <span class='ocrx_word' id='word_1_329' title='bbox 1111 4359 1565 4435; x_wconf 81' lang='lat' dir='ltr'>Untersuchung.</span> <span class='ocrx_word' id='word_1_330' title='bbox 1603 4381 1657 4434; x_wconf 88' lang='lat' dir='ltr'>p.</span> <span class='ocrx_word' id='word_1_331' title='bbox 1697 4366 1801 4419; x_wconf 84' lang='lat'>274</span> <span class='ocrx_word' id='word_1_332' title='bbox 1839 4382 1922 4435; x_wconf 89' lang='lat' dir='ltr'>sq.</span> 
     </span>
    </p>
   </div>
   <div class='ocr_carea' id='block_1_5' title="bbox 3114 3712 3123 4498">
    <p class='ocr_par' dir='ltr' id='par_1_5' title="bbox 3114 3712 3123 4498">
     <span class='ocr_line' id='line_1_41' title="bbox 3114 3712 3123 4498; baseline 0 0"><span class='ocrx_word' id='word_1_333' title='bbox 3114 3712 3123 4498; x_wconf 95' lang='lat' dir='ltr'> </span> 
     </span>
    </p>
   </div>
  </div>
 </body>
</html>
