3157 5028
1609 356 1681 412 80

485 531 704 598 deinde
741 531 1111 614 pensitanda
1148 534 1296 597 sunt
1339 532 1701 598 testimonia
1747 531 1822 597 de
1858 531 1961 596 via
2006 549 2080 597 ac
2120 530 2378 614 ratione,
2419 549 2541 612 qua
2571 529 2783 594 nutrix

484 635 724 716 patrem
773 632 974 698 adeat.
1062 633 1323 698 Ovidius
1366 633 1567 716 igitur
1613 633 1707 698 ita
1752 632 1967 698 narrat
2012 652 2073 697 v.
2109 633 2231 696 438
2276 650 2399 715 sq.:

781 735 969 800 nacta
1014 753 1269 817 gravem
1314 734 1461 799 vino
1509 732 1805 817 Cinyram
1848 733 2011 798 male
2054 732 2268 798 sedula
2313 731 2522 797 nutrix

783 836 1031 901 nomine
1074 835 1336 900 mentito
1380 853 1558 900 veros
1604 833 1853 917 exponit
1895 852 2136 899 amores

783 936 1112 1002 etz-faciem
1161 936 1400 1001 laudat.

486 1039 668 1122 Apud
698 1039 1088 1112 Antoninum
1115 1036 1327 1101 nutrix
1369 1035 1504 1120 regi
1552 1035 1837 1101 nuntiat:
1885 1028 1988 1099 ὅτι
2031 1026 2211 1121 αὐτῷ
2248 1030 2407 1123 κόρη
2450 1035 2786 1119 μακαρίων

477 1131 882 1223 ἀνθρώπων
905 1121 1126 1203 ποθεῖ
1162 1134 1651 1223 παραγενέσθαι
1705 1139 2028 1223 κρυφαῖος
2070 1132 2166 1214 εἷς
2212 1135 2329 1225 τὴν
2377 1137 2616 1224 κοίτην.
2686 1139 2787 1206 Si-

483 1242 660 1308 milia
704 1243 778 1306 de
831 1240 1075 1305 nutrice
1117 1239 1441 1321 perhibent
1492 1239 1903 1303 Plutarchus:
1976 1233 2105 1324 ἔφη
2148 1234 2267 1322 γὰρ
2312 1238 2569 1324 γείτονα
2618 1263 2789 1322 παρ-

481 1343 683 1408 θένον
747 1339 898 1422 ἐρᾶν
949 1331 1168 1418 αὐτοῦ,
1240 1337 1348 1403 καὶ
1401 1332 1835 1419 αἰσχύνεσθαι
1888 1337 1955 1403 ἐν
1995 1339 2265 1426 φανερῷ
2323 1339 2659 1424 προςιέναι
2725 1342 2787 1406 et

481 1444 747 1528 Oppiani
808 1442 1171 1508 scholiasta:
1241 1434 1280 1529 ἡ
1333 1435 1588 1526 τροφὸς
1641 1439 2070 1526 συνεκοίμησε
2128 1435 2364 1528 ταύτην
2416 1444 2511 1529 τῷ
2561 1440 2786 1525 πατρί,

479 1539 828 1629 εἰσάγουσα
872 1541 1034 1608 κατὰ
1075 1537 1191 1631 τὴν
1235 1536 1446 1621 νύκτα,
1519 1534 1610 1618 ὥς
1657 1540 1839 1626 ξένην
1884 1545 2152 1624 γυναῖκα
2193 1545 2257 1608 et
2289 1543 2537 1610 Servius
2570 1545 2783 1627 (Verg.

421 1699 424 1702 .
480 1649 632 1712 Buc.
679 1646 754 1723 X,
803 1647 938 1727 18):
997 1644 1190 1710 ‘dixit
1231 1644 1494 1728 Cinyrae
1557 1662 1686 1708 esse
1733 1643 2050 1727 quandam
2096 1645 2389 1727 puellam,
2456 1664 2614 1728 quae
2657 1645 2785 1709 eius

343 1829 349 1837 ι
464 1757 687 1815 ‘amore
729 1747 1027 1830 flagraret
1069 1748 1131 1812 et
1175 1746 1575 1812 concubitum
1622 1747 1801 1812 nocte
1854 1746 1920 1810 in
1979 1747 2251 1812 tenebris
2309 1748 2559 1829 propter
2614 1765 2786 1812 vere-

479 1850 774 1916 cundiam
835 1848 1138 1930 expeteret
1195 1847 1623 1930 virginalem'.
1708 1850 1782 1912 In
1830 1847 2144 1912 Theocriti
2198 1847 2645 1913 commentario
2688 1846 2786 1910 111-

483 1953 719 2018 cestum
764 1951 852 2015 sic
895 1950 1250 2014 instituitur
1295 1949 1365 2028 (1.
1406 1947 1510 2030 l.):
1561 1941 1879 2012 ἐλάνθανε
1926 1947 1998 2012 δὲ
2040 1944 2157 2014 τὸν
2200 1946 2452 2032 πατέρα
2494 1947 2785 2030 στολιζο-

480 2051 638 2138 μένῃ
683 2050 790 2115 καὶ
831 2048 1416 2135 συναναμιγνυμένη
1462 2042 1555 2126 ὥς
1598 2042 1993 2130 θεράπαινα.
2081 2049 2251 2130 Quae
2299 2051 2542 2117 fabulae
2585 2050 2787 2116 forma

482 2154 606 2220 alio
661 2152 1017 2218 testimonio
1065 2171 1190 2218 non
1244 2149 1702 2233 comprobatur.
1800 2151 1965 2216 Nam
2010 2152 2089 2217 ab
2134 2152 2333 2217 altera
2377 2153 2556 2235 parte
2599 2153 2787 2216 testes

481 2256 671 2334 stant,
718 2255 828 2338 qui
867 2253 1110 2318 nutrice
1153 2252 1379 2317 omissa
1404 2252 1729 2336 Myrrham
1772 2252 1971 2334 ipsam
2019 2253 2315 2334 paternae
2358 2253 2647 2319 ebrietati
2690 2253 2789 2318 in-

481 2357 811 2423 sidiantem
883 2355 1160 2437 fingunt:
1249 2353 1662 2434 NicephoruS,
1733 2353 1989 2418 Servius
2056 2353 2272 2439 (Verg.
2329 2354 2484 2419 Aen.
2534 2355 2607 2432 V,
2664 2355 2786 2436 72),

482 2457 926 2541 Mythographi
955 2451 1268 2521 Vaticani.
1344 2453 1605 2520 Ovidius
1650 2454 1848 2538 igitur
1893 2454 2266 2537 compilator
2310 2455 2473 2530 male
2516 2455 2785 2535 sedulus,

480 2579 838 2644 quanquam
884 2559 1096 2641 postea
1139 2556 1245 2639 (cf.
1273 2555 1504 2637 v.473)
1551 2556 1773 2638 prioris
1819 2555 2053 2621 ordinis
2089 2558 2279 2622 testes
2322 2558 2568 2622 secutus
2613 2556 2788 2639 puel-

479 2662 606 2727 lam
665 2661 731 2725 in
790 2659 1060 2725 tenebris
1138 2678 1277 2723 cum
1335 2659 1511 2741 patre
1586 2652 1987 2723 concubuisse
2046 2658 2261 2737 refert,
2336 2659 2547 2723 tamen
2615 2658 2789 2723 lenae

475 2762 688 2827 dolum
747 2762 840 2825 ita
899 2761 1156 2825 exornat
1220 2759 1557 2842 pudicitiae
1614 2759 2003 2841 praetextum
2056 2758 2510 2825 inconsiderate
2578 2760 2791 2843 negle-

475 2882 646 2945 gem,
694 2864 764 2925 ut
805 2880 941 2927 eam
985 2862 1053 2925 in
1099 2860 1391 2945 Cinyram
1424 2861 1665 2925 ebrium
1695 2860 2070 2925 incidentem
2102 2859 2337 2943 fingat;
2384 2859 2547 2944 quod
2583 2862 2789 2943 potius

475 2964 532 3028 ei
572 2962 822 3027 fabulae
870 2961 1105 3027 formae
1163 2962 1703 3027 accommodatum
1746 2962 1855 3040 est,
1925 2980 1996 3025 ex
2040 2980 2162 3043 qua
2207 2961 2416 3026 nutrix
2460 2962 2791 3028 ministrae

475 3066 756 3149 partibus
788 3084 909 3129 non
939 3064 1245 3145 fungitur.
1316 3062 1720 3145 Atque‘apud
1752 3062 2044 3128 Ovidium
2075 3063 2225 3128 haec
2254 3064 2418 3129 ratio
2463 3083 2533 3129 6ο
2582 3065 2791 3129 minus

475 3165 727 3244 sufficit,
805 3164 971 3248 quod
1024 3181 1314 3245 spurcam
1359 3163 1665 3227 Venerem
1709 3163 1956 3245 saepius
2000 3164 2385 3247 integratam
2430 3184 2558 3229 esse
2601 3166 2791 3230 refert

480 3287 537 3333 v.
559 3268 678 3331 471
715 3269 752 3329 ¹.
838 3265 909 3329 Id
944 3264 1227 3348 denique,
1272 3264 1435 3347 quod
1466 3264 1611 3329 lena
1642 3264 1883 3347 puellae
1925 3265 2144 3330 faciem
2192 3266 2428 3349 laudat,
2473 3266 2786 3331 Nasonem

477 3386 602 3432 non
645 3368 952 3432 invenisse
998 3367 1123 3431 alio
1168 3367 1306 3431 1666
1353 3366 1810 3431 demonstrabo.

675 3467 932 3549 Myrrha
976 3469 1186 3535 autem
1230 3468 1296 3531 in
1340 3466 1699 3532 thalamum
1732 3468 2017 3547 deducta,
2067 3468 2231 3533 malo
2266 3470 2467 3533 omine
2498 3471 2789 3535 revocata

478 3570 757 3635 attamen
824 3569 1176 3651 procedenS‚
1245 3587 1436 3651 paene
1495 3569 1643 3633 ante
1695 3569 1907 3634 oculos
1972 3570 2215 3635 nostros
2276 3570 2529 3651 ponitur
2580 3570 2789 3636 Ovidii

477 3669 754 3734 versibus
798 3670 924 3735 454
967 3690 1084 3754 sq.:

675 3771 731 3835 it
771 3772 1002 3851 tamen,
1051 3772 1113 3837 et
1155 3772 1444 3838 tenebrae
1489 3772 1783 3836 minuunt
1829 3791 2069 3855 noxque
2114 3774 2255 3838 atra
2300 3772 2633 3855 pudorem;

676 3872 1060 3956 nutricisque
1103 3893 1362 3938 manum
1404 3874 1585 3939 laeva
1629 3874 1817 3953 tenet,
1862 3874 2063 3940 altera
2110 3875 2287 3939 motu

675 3990 926 4037 caecum
973 3974 1092 4037 iter
1139 3974 1418 4056 explorat
1463 3993 1511 4039 e.
1555 3993 1615 4056 q.
1662 3992 1714 4039 s.

476 4073 784 4156 Argutiae
838 4073 1064 4138 vividis
1118 4075 1427 4139 coloribus
1475 4074 1729 4157 singula
1794 4073 2156 4153 effingentes
2202 4073 2610 4141 Alexandrini
2658 4076 2789 4141 stili

687 4292 705 4322 1
745 4290 1123 4359 Apollodorus
1149 4291 1404 4359 loquitur
1428 4292 1498 4346 de
1526 4292 1823 4347 duodecim
1848 4292 2124 4358 noctibuS,
2166 4292 2315 4361 quod
2338 4292 2791 4363 mythologorum

476 4380 935 4448 interpretationi
973 4397 1165 4433 ansam
1203 4380 1338 4435 dare
1376 4384 1581 4450 potest.
