3157 5028
1565 390 1669 446 114

475 563 807 632 manifesto
851 561 1184 628 denotatur
1214 564 1252 641 ¹,
1319 563 1392 626 ut
1435 563 1560 627 iam
1608 581 1951 628 asseverem
1991 563 2153 628 hanc
2196 580 2483 630 scaenam
2528 559 2776 630 concla-

467 665 883 732 matissimam
925 663 1114 730 fuisse
1157 665 1220 728 et
1263 664 1540 729 omnium
1587 664 1923 730 memoriae
1977 663 2314 731 inhaesisse
2337 668 2379 730 ².
2424 701 2507 714 --
2550 665 2774 730 Nonne

465 768 657 834 etiam
701 767 1114 850 cognoscitur,
1187 785 1376 848 quam
1422 766 1789 848 praepotens
1837 765 2129 831 cothurni
2178 766 2523 832 auctoritas
2564 765 2771 844 fuerit,

465 869 518 934 si
582 868 758 951 pater
823 868 955 932 sine
1018 867 1150 932 ulla
1217 867 1611 932 dubitatione
1682 866 1856 931 uxori
1928 866 2285 950 privignum
2360 866 2520 932 falso
2588 885 2773 932 accu-

465 969 632 1035 santi
674 968 859 1034 fidem
896 968 1084 1034 habet
1130 968 1531 1051 graviterque
1577 967 1779 1032 filium
1819 967 2133 1085 castigat.
2118 971 2149 1018 ‘r’
2240 969 2551 1034 Narrator
2594 967 2772 1034 addit

467 1090 520 1138 c.
563 1071 689 1136 XI:
761 1093 855 1147 ως
894 1069 966 1136 δὲ
1013 1065 1466 1154 ἐνεπέπληστο
1513 1072 1635 1154 τῆς
1686 1059 1905 1154 ὀργῆς,
1972 1059 2141 1134 ἄλλά
2187 1071 2297 1135 νῦν
2338 1093 2409 1154 γε
2464 1064 2649 1158 ἔφην,
2716 1094 2769 1134 ω

469 1164 698 1254 πάτερ,
764 1167 823 1236 εἰ
870 1169 978 1235 καὶ
1017 1166 1104 1256 μὴ
1153 1165 1500 1258 πρότερον,
1567 1169 1819 1248 δίκαιος
1870 1193 1950 1234 αν
2006 1163 2147 1256 είην
2198 1164 2316 1255 τὴν
2379 1166 2593 1236 αἰτίαν
2639 1173 2774 1234 τῶν

414 1278 427 1290 “
467 1271 734 1356 πληγῶν
775 1265 1155 1354 μανθάνειν.
1204 1263 1243 1336 ὃ
1286 1271 1358 1336 δὲ
1399 1271 1650 1355 μᾶλλον
1694 1270 2142 1354 παροξυνθεὶς
2184 1264 2241 1336 ὦ
2281 1273 2397 1360 τῆς
2439 1267 2774 1354 εἰρωνείας

469 1372 661 1460 φησί·
726 1368 843 1450 τὰς
899 1367 1171 1454 πράξεις
1230 1372 1440 1437 αυτοῦ
1497 1396 1616 1451 τας
1678 1365 1948 1449 ανοσίας
2010 1371 2169 1454 παρ’
2236 1369 2396 1454 ἐμοῦ
2460 1367 2775 1454 βούλεται

467 1466 846 1555 μανθάνειν.
971 1473 1305 1540 Simillime
1367 1474 1689 1557 Euripides
1758 1493 2045 1540 scaenam
2112 1474 2452 1552 exornavit,
2515 1475 2583 1538 in
2649 1491 2774 1558 qua

470 1575 759 1657 Theseus,
829 1577 1160 1658 postquam
1223 1574 1426 1639 filium
1486 1576 1837 1640 exsecratus
1908 1574 2019 1654 est,
2086 1574 2515 1640 advenientem
2576 1592 2774 1657 neque

471 1676 813 1758 quidquam
857 1676 1278 1758 suspicantem
1323 1675 1749 1740 vehementius
1794 1675 2075 1758 increpat
2116 1675 2287 1759 (Hip.
2335 1677 2459 1740 916
2505 1677 2645 1759 sq.).

671 1777 846 1842 Unus
910 1776 984 1840 de
1047 1776 1266 1842 habitu
1334 1776 1395 1841 et
1457 1777 1683 1841 ornatu
1745 1775 2074 1860 Hippolyti
2141 1777 2517 1860 relinquitur
2578 1778 2771 1854 locuS‚

471 1877 579 1959 qui
623 1877 704 1942 ad
749 1876 1010 1942 Senecae
1054 1877 1332 1949 fabulam
1379 1877 1576 1942 denuo
1625 1877 2133 1960 perscrutandam
2168 1896 2278 1942 nos
2308 1877 2770 1942 adhortabitur.

471 1977 788 2042 Audiatur
848 1978 1048 2060 igitur
1114 1978 1495 2060 postremum
1553 1976 1827 2045 Cnemon
1884 1997 2147 2044 narrans
2202 1996 2254 2044 c.
2296 1978 2383 2043 X:
2450 1981 2767 2069 Παναθη-

673 2213 694 2245 ¹
731 2212 842 2267 Vix
878 2229 1098 2266 necesse
1135 2216 1220 2266 est
1257 2213 1562 2268 subnotare
1598 2231 1712 2268 non
1749 2214 1930 2284 ipsam
1966 2214 2321 2285 tragoediam
2355 2215 2661 2270 Heliodoro
2699 2215 2772 2269 a'd

471 2321 668 2358 manus
689 2303 876 2372 fuisse,
902 2301 999 2357 sed
1027 2301 1177 2369 quod
1198 2301 1410 2356 dudum
1435 2307 1657 2356 constat
1682 2303 2049 2358 intervenisse
2066 2304 2507 2374 Alexandrinos3
2534 2321 2771 2372 quorum

472 2393 708 2464 vestigia
745 2392 1087 2447 ornamentis
1122 2392 1423 2460 praecipue
1462 2392 1731 2461 impressa
1768 2393 1879 2447 alio
1918 2394 2041 2447 loco
2076 2393 2408 2448 adumbravi
2446 2392 2525 2463 (p.
2552 2394 2621 2446 64
2655 2393 2773 2461 sq.).

474 2483 554 2539 Ut
597 2500 730 2538 vero
779 2481 950 2537 etiam
997 2481 1176 2551 magis
1230 2486 1499 2550 appareat
1543 2499 1610 2536 ex
1655 2481 1826 2536 simili
1874 2482 2176 2551 archetypo
2213 2481 2441 2551 Apuleii
2482 2485 2541 2537 et
2584 2481 2772 2537 Helio-

474 2573 601 2627 dori
638 2571 856 2626 fabulas
893 2569 1136 2637 fluxisse,
1173 2569 1444 2623 nonnulla
1493 2569 1665 2624 addo:
1726 2570 2030 2639 utrobique
2066 2570 2261 2624 nutrix
2299 2570 2503 2624 omissa
2539 2570 2656 2640 e'st3
2711 2574 2774 2624 ut

473 2659 623 2729 apud
659 2658 960 2728 Apuleium
1001 2674 1212 2725 servus,
1269 2657 1352 2711 ita
1388 2656 1480 2711 hic
1521 2675 1685 2712 serva
1720 2675 1993 2713 novercae
2031 2658 2326 2712 calumniis
2364 2657 2679 2711 ministram
2717 2674 2776 2711 se

472 2745 731 2815 praebet3
781 2763 870 2800 res
906 2744 1205 2813 utrobique
1242 2744 1303 2798 in
1338 2744 1610 2799 iudicium
1645 2746 1921 2801 adductae
1957 2745 2081 2800 fuse
2118 2749 2443 2801 narrantur.
2511 2745 2772 2799 Iuvenem

472 2835 749 2887 insontem
797 2837 1012 2887 remoto
1061 2832 1348 2887 iudicandi
1396 2833 1583 2887 taedio
1642 2836 1829 2889 cuncti
1885 2834 2081 2889 iubent
2134 2832 2444 2903 ‘lapidibus
2504 2833 2771 2891 obrutum

472 2922 762 2991 publicum
795 2922 1002 2975 malum
1039 2920 1261 2990 publice
1297 2917 1624 2991 vindicari’,
1660 2927 1727 2976 ut
1758 2923 2031 2992 Apuleius
2058 2940 2103 2978 c.
2127 2922 2205 2976 VI
2230 2926 2445 2977 narrat.
2523 2914 2777 2977 Similem

473 3026 727 3064 scaenam
765 3008 1101 3063 Heliodorus
1138 3009 1408 3064 describit
1441 3026 1488 3064 c.
1525 3009 1675 3064 XIII.

421 3129 426 3133 -
678 3098 699 3130 ²
735 3097 996 3151 Fortasse
1032 3098 1171 3152 haec
1205 3098 1327 3167 ipsa
1363 3115 1562 3153 scaena
1599 3100 1951 3169 agnoscenda
1987 3103 2071 3155 est
2107 3099 2167 3153 in
2190 3099 2415 3169 pictura
2434 3096 2775 3165 Pompeiana

473 3186 635 3241 Helb.
661 3204 751 3241 no.
783 3188 934 3251 1300,
975 3203 1116 3254 quae
1152 3186 1232 3240 sic
1265 3186 1604 3241 describitur
1638 3187 1729 3257 (cf.
1751 3188 1983 3257 Dilthey
2013 3188 2120 3242 Rh.
2154 3187 2297 3241 Mus.
2332 3185 2505 3251 XXV,
2536 3202 2592 3255 p.
2627 3186 2773 3250 157):

477 3275 670 3330 Puella
706 3276 765 3328 in
791 3292 973 3345 genua
997 3274 1368 3343 procumbens
1395 3275 1726 3343 suppliciter
1761 3276 2018 3350 dextram
2054 3276 2211 3331 tollit
2249 3276 2536 3329 sinistram
2559 3272 2777 3343 pectori

475 3364 790 3433 imponens3
828 3364 993 3417 vultu
1027 3363 1322 3432 desperato
1362 3364 1617 3418 intuetur
1652 3365 1933 3434 iuvenem,
1973 3365 2071 3433 qui
2108 3364 2167 3419 in
2204 3362 2519 3419 vehementi
2556 3366 2776 3417 tumore

475 3454 652 3509 oculis
706 3454 821 3507 late
867 3452 1112 3505 diductis
1153 3451 1226 3505 ab
1270 3452 1367 3506 illa
1413 3451 1683 3523 aufugere
1734 3453 1960 3508 videtur
2006 3452 2171 3507 simul
2208 3452 2461 3522 gladium
2496 3451 2551 3505 ei
2590 3450 2776 3504 inten-

475 3546 617 3597 tans.
666 3571 721 3579 —
764 3541 916 3609 Quae
954 3540 1143 3595 omnia
1180 3540 1404 3611 egregie
1443 3541 1737 3595 concinere
1776 3558 1899 3595 cum
1937 3558 2153 3606 scaena,
2189 3542 2359 3609 quam'
2398 3538 2606 3594 Seneca
2648 3538 2774 3593 illu·

475 3636 638 3693 strat,
676 3631 994 3686 fabularum
1033 3634 1287 3684 auctores
1324 3630 1652 3699 respiciunt,
1711 3631 1855 3684 nihil
1893 3648 2033 3701 opus
2070 3634 2154 3685 est
2189 3630 2451 3699 probare.
2547 3626 2775 3694 Tamen,

477 3720 611 3775 dum
651 3719 1082 3774 delineationem
1118 3719 1209 3773 vel
1245 3718 1424 3787 ipsam
1459 3719 1743 3788 picturam
1766 3719 1979 3787 videro,
2015 3719 2286 3773 iudicium
2311 3718 2372 3771 in
2394 3716 2580 3772 medio
2606 3716 2773 3769 relin-

478 3825 672 3878 quam3
726 3808 1058 3877 praesertim
1099 3825 1224 3862 cum
1265 3807 1334 3861 de
1367 3806 1564 3877 figuris
1601 3808 1663 3861 in
1697 3807 1921 3877 pictura
1956 3812 2109 3863 retro
2146 3806 2344 3877 positis
2389 3804 2643 3876 quaestio
2682 3802 2773 3857 sit.

476 3896 621 3951 Nam
657 3897 866 3968 Helbig
902 3900 1302 3951 commemorat
1337 3895 1620 3964 feminam,
1684 3912 1828 3964 quae
1877 3913 1908 3950 e
1953 3913 2115 3950 muro
2162 3912 2419 3950 scaenam
2464 3892 2776 3964 prospiciat

477 3989 534 4039 et
575 3986 686 4040 duo
723 3985 959 4040 obscura
1003 3985 1208 4054 capita,
1266 3976 1491 4055 Dilthey
1531 3986 1585 4051 (1.
1623 3983 1684 4055 1.)
1721 4002 1959 4053 puerum
2006 3985 2339 4039 clamantem
2392 4000 2621 4037 manum
2666 3979 2773 4034 tol-

476 4074 686 4129 lentem
722 4078 780 4128 et
823 4091 1065 4128 servum.
1157 4072 1312 4141 Quae
1367 4090 1479 4127 non
1535 4076 1653 4127 tam
1708 4090 1864 4127 meae
1918 4070 2375 4141 interpretationi
2422 4070 2773 4138 obstrepunt,

478 4179 648 4230 quam
684 4162 934 4230 Diltheyi
985 4162 1055 4215 de
1089 4160 1326 4229 Byblide
1377 4160 1710 4230 cogitantis;
1765 4158 1925 4227 adde,
1987 4158 2139 4227 quod
2168 4161 2246 4212 ‘ut
2288 4158 2447 4211 illam
2480 4156 2540 4209 in
2577 4172 2775 4209 scaena

476 4250 776 4319 principali
801 4267 1088 4321 agnoscas,
1125 4266 1306 4317 neque
1335 4247 1568 4303 Ovidius
1605 4265 1787 4316 neque
1821 4247 1964 4301 alius
1994 4249 2189 4301 auctor
2224 4245 2438 4300 suadet.
2508 4243 2628 4297 Alii
2662 4233 2785 4297 alia'

477 4337 646 4391 etiam
684 4338 987 4392 incertiora
1023 4337 1439 4391 coniectarunt:
1481 4336 1688 4405 Helbig
1722 4334 2002 4397 Achillem
2038 4338 2095 4389 et
2131 4334 2482 4388 Deidamiam
2518 4329 2773 4400 putavit3

477 4423 778 4479 Minervini
816 4426 1042 4495 (Bullet.
1079 4424 1324 4493 Napolit.
1365 4425 1390 4476 I
1427 4442 1483 4493 p.
1527 4424 1617 4492 75)
1654 4424 1992 4478 Alcmaeona
2030 4427 2088 4477 et
2122 4422 2449 4491 Eriphylen.
