3157 5028
599 1195 812 1261 Novas
857 1197 968 1262 has
997 1195 1388 1279 quaestiones
1418 1194 1710 1275 inscrib0,
1756 1215 1878 1260 non
1908 1197 2155 1262 tantum
2190 1199 2337 1280 quia
2367 1199 2698 1265 materiam

398 1297 480 1363 ab
525 1297 664 1362 aliis
709 1297 1050 1363 tractatam
1095 1296 1451 1375 retractavi,
1499 1297 1605 1361 sed
1651 1297 1798 1379 quia
1843 1298 2097 1364 insolita
2145 1300 2387 1365 ratione
2432 1302 2512 1368 ab
2544 1301 2701 1384 Hip-

397 1397 626 1482 polytis
671 1397 1021 1480 Euripideis
1065 1396 1144 1461 ad
1190 1396 1434 1461 serioris
1480 1395 1709 1462 aetatis
1753 1398 1997 1464 litteras
2041 1401 2378 1467 ascendens
2421 1403 2485 1466 in
2520 1403 2697 1467 vasto

398 1499 665 1564 maxime
688 1498 1144 1563 Alexandrinae
1169 1498 1365 1580 poesis
1389 1517 1607 1580 campo
1630 1499 2018 1580 geminarum
2046 1500 2399 1567 fabularum
2432 1504 2699 1586 vestigia

397 1599 681 1682 persequi
745 1600 1003 1664 conatus
1067 1617 1223 1663 sum.
1321 1599 1484 1664 Nam
1551 1599 1662 1682 qui
1722 1599 2048 1683 Hippolyti
2119 1601 2399 1667 fabulam
2468 1604 2701 1669 exami-

399 1700 586 1778 narit,
633 1699 940 1782 quomodo
985 1720 1022 1765 a
1062 1701 1258 1782 poetis
1295 1701 1359 1764 et
1396 1700 1474 1764 ab
1503 1699 1848 1765 artificibus
1877 1701 2152 1766 tractata
2188 1703 2289 1781 sit,
2336 1703 2500 1786 quod
2547 1703 2699 1768 olim

398 1801 464 1865 in
507 1800 720 1866 libello
769 1801 1041 1883 praemio
1087 1801 1306 1865 ornato
1352 1800 1657 1883 praestiti,
1704 1819 1845 1865 eum
1889 1819 2012 1866 non
2052 1803 2270 1886 fugiet,
2320 1807 2701 1888 quantopere

400 1904 666 1986 utraque
710 1901 1024 1984 Euripidis
1075 1901 1288 1966 fabula
1350 1903 1540 1967 etiam
1602 1903 1775 1967 extra
1834 1902 1985 1968 fines
2040 1905 2287 1971 Atticos
2338 1908 2401 1971 et
2444 1907 2699 1971 audien-

398 2004 560 2068 tium
614 2004 677 2068 et
728 2003 1070 2086 legentium
1125 2005 1364 2068 animos
1407 2004 1830 2070 commoverit.
1874 2039 1959 2049 —
2001 2003 2219 2088 Neque
2272 2025 2416 2071 vero
2460 2008 2701 2072 incom-

401 2105 581 2170 mode
624 2105 780 2169 mihi
824 2105 1036 2170 videor
1079 2106 1265 2171 antea
1309 2105 1642 2170 nonnullas
1688 2105 1763 2169 de
1816 2106 2063 2171 servata
2108 2101 2437 2191 Hippolyti
2484 2107 2700 2173 fabula

401 2206 810 2288 quaestiones,
855 2225 1016 2287 quae
1055 2207 1379 2289 praecipue
1422 2206 1501 2271 ad
1545 2217 1945 2288 personarum
1977 2225 2177 2272 mores
2214 2209 2517 2289 spectant,
2562 2226 2699 2289 pro·

400 2326 642 2390 ponere,
691 2326 830 2373 cum
871 2306 1036 2386 illae,
1082 2307 1135 2371 si
1179 2324 1339 2389 quae
1382 2325 1678 2389 unquam,
1736 2326 1857 2372 non
1904 2307 2058 2372 certi
2101 2307 2457 2391 singulique
2500 2307 2701 2373 homi·-

400 2427 506 2473 nes
567 2409 712 2484 sint,
779 2409 886 2491 qui
952 2407 1137 2472 semel
1193 2408 1478 2486 vixerint,
1548 2407 1654 2472 sed
1709 2409 1917 2490 potius
1970 2408 2049 2474 ad
2103 2410 2339 2474 certum
2387 2406 2698 2491 quoddam

400 2507 722 2576 hominum
752 2523 947 2594 genus
977 2508 1330 2592 pertineant
1352 2513 1388 2575 ¹.
1479 2511 1583 2576 An
1612 2530 1736 2575 non
1765 2510 2097 2595 intellegiS‚
2142 2510 2521 2593 quantopere
2548 2508 2702 2575 haec

397 2632 495 2677 res
539 2612 959 2677 imitationem
1002 2611 1301 2678 adiuvare
1345 2612 1676 2677 debuerit?
1764 2612 1917 2677 Inde
1960 2614 2171 2677 autem
2218 2612 2297 2676 ad
2343 2610 2702 2695 tragoediae

399 2712 752 2797 deperditae
788 2714 1126 2794 imaginem
1171 2714 1722 2797 redintegrandam
1754 2713 2064 2797 progressi
2107 2714 2236 2779 iam
2265 2712 2607 2795 paratiores
2640 2712 2702 2777 et

400 2814 577 2898 quasi
621 2816 838 2898 sponte
881 2815 959 2895 ad
1003 2815 1269 2881 alteram
1311 2812 1490 2881 illam
1519 2815 1977 2882 dissertationis
2006 2816 2251 2898 partem
2279 2814 2700 2879 traducemur.

597 3360 954 3443 Euripidem
1001 3360 1189 3426 etiam
1235 3360 1368 3425 sine
1412 3360 1643 3424 diserto
1688 3359 2065 3438 testimoni0‚
2116 3358 2280 3443 quod
2326 3360 2563 3425 facetus
2595 3360 2703 3425 ille

400 3463 672 3527 comicus
722 3461 1122 3527 Atheniensis
1169 3462 1289 3544 ipsi
1332 3458 1638 3526 invidioso
1682 3461 1927 3526 aemulo
1984 3461 2215 3526 subicit
2268 3460 2492 3543 (Arist.
2539 3462 2699 3526 Ran.

399 3564 569 3642 959),
636 3564 931 3628 sciremus
997 3562 1076 3628 ad
1120 3562 1529 3627 domesticam
1597 3563 1659 3627 et
1725 3580 2115 3627 communem
2190 3562 2388 3627 vitam
2464 3558 2703 3643 (οἰκεῖα

399 3658 774 3748 πράγματα)
839 3664 1120 3729 animum
1186 3664 1451 3729 maxime
1519 3664 1853 3729 rettulisse.
1942 3662 2076 3744 Quo
2136 3663 2370 3728 factum
2428 3664 2539 3745 est,
2610 3664 2701 3739 ut,

401 3784 541 3831 cum
604 3766 682 3831 ab
750 3766 883 3849 ipsa
950 3765 1084 3831 vita
1147 3765 1379 3831 colores
1442 3765 1520 3831 ad
1583 3765 1837 3830 heroum
1904 3783 2191 3829 scaenam
2256 3764 2700 3830 illustrandam

399 3868 687 3947 sumeret,
752 3868 818 3932 in
877 3886 1088 3932 eorum
1142 3867 1419 3933 moribus
1475 3865 1891 3932 describendis
1948 3866 2178 3931 saeculi
2245 3866 2343 3931 sui
2408 3866 2701 3931 naturam

398 3970 793 4053 indolemque
835 3968 1080 4051 saepius
1123 3968 1503 4051 exprimeret.
1610 3968 1785 4033 Licet
1840 3967 2040 4051 igitur
2096 3968 2279 4050 poeta
2342 3966 2409 4030 in
2459 3966 2699 4049 Hippo-

605 4218 624 4249 ¹
664 4217 788 4272 Hoc
821 4216 1148 4287 Lessingius
1176 4216 1400 4285 (Hamb.
1439 4215 1694 4269 Dramat.
1734 4214 1803 4269 N.
1825 4215 1917 4284 95)
1955 4214 2060 4269 ita:
2097 4213 2289 4268 ‘Mehr
2325 4214 2417 4268 die
2456 4213 2709 4282 personi-

405 4304 587 4361 fieirte
625 4306 755 4361 Idee
792 4306 945 4361 eines
981 4304 1316 4360 Charakters
1356 4305 1436 4361 als
1475 4304 1599 4359 eine
1635 4302 2092 4359 charakterisirte
2116 4298 2371 4359 Person'.
2410 4300 2493 4358 Cf.
2515 4300 2713 4358 Brunn

403 4395 863 4467 Kiinstlergesch.
901 4394 956 4447 II
992 4412 1046 4463 p.
1085 4394 1151 4447 87
1181 4392 1239 4448 ff.
