3157 5028
1477 379 1546 431 69

355 552 602 634 Longas
669 549 912 632 puellae
979 550 1320 616 errationes
1385 551 1628 633 praeter
1694 549 1987 616 Ovidium
2054 570 2111 618 v.
2166 551 2290 616 644
2338 569 2430 634 sq.
2497 569 2659 616 unus

357 651 571 718 Conon
617 653 1061 718 commemorat
1107 645 1392 736 (πολλήν
1436 649 1705 737 ἐρημίαν
1750 651 2217 737 πλανηθεῖσα).
2282 651 2659 717 Nicaenetus

354 756 555 820 terras
600 753 806 836 potius
849 755 1118 836 enarrat,
1163 772 1290 835 per,
1315 772 1471 836 quas
1505 752 1755 818 Caunus
1799 753 2170 836 migraverit
2198 755 2239 818 ¹.
2295 752 2478 834 Apud
2503 753 2669 832 Par-⁸

353 855 636 921 thenium
682 855 889 937 ipsum
933 854 1148 920 infelix
1193 854 1399 937 puella
1450 854 1673 937 laqueo
1727 853 1935 920 fauces
1986 853 2269 932 innectit,
2337 853 2512 918 cuius
2564 852 2661 918 fa·

354 957 538 1021 bulae
582 955 817 1021 formae
861 956 1174 1021 Nasonem
1220 957 1374 1022 bene
1417 975 1686 1038 gnarum
1734 956 1921 1021 fuisse
1966 955 2189 1037 probat
2222 955 2343 1019 Ars
2377 954 2657 1019 Amator.

354 1059 406 1140 I,
439 1059 564 1122 284
608 1058 716 1137 (cf.
748 1059 986 1142 Hygin.
1031 1059 1074 1123 f.
1111 1059 1282 1139 243).
1372 1058 1548 1124 Idem
1595 1058 1945 1124 referebant
1976 1051 2037 1121 οἳ
2083 1053 2384 1134 πλείους;
2428 1054 2662 1138 compi-

353 1161 521 1227 lator
566 1160 777 1226 addit:
823 1157 989 1245 φασὶ
1034 1159 1106 1224 δέ
1144 1182 1315 1237 τινες
1355 1157 1462 1223 καὶ
1495 1151 1632 1224 ἀπὸ
1663 1161 1799 1222 τῶν
1838 1153 2136 1241 δακρύων
2172 1151 2406 1242 κρήνην
2436 1157 2661 1242 ῥυῆναι

354 1256 492 1348 ἰδίᾳ
534 1256 655 1346 τήν
697 1259 1096 1346 καλουμένην
1139 1259 1448 1342 Βυβλίδα.
1535 1260 1860 1342 Quomodo
1915 1260 2069 1325 haec
2128 1260 2292 1324 inter
2335 1277 2398 1323 se
2443 1276 2659 1323 conso·
2757 1334 2767 1344 ¹

355 1363 602 1443 ciarint,
651 1362 860 1428 Conon
901 1363 1132 1428 indicio
1177 1365 1296 1429 est:
1355 1357 1600 1445 βρόχον
1642 1357 1759 1449 τὴν
1802 1355 2005 1447 ζώνην
2046 1355 2224 1438 τινὸς
2264 1353 2505 1442 καρύας
2547 1382 2661 1422 κα-

356 1457 651 1547 &cimaea
700 1459 934 1552 ἑαυτὴν
985 1454 1370 1551 ἀνήρτησεν·
1427 1461 1599 1530 ἔνθα
1652 1458 1731 1552 δή
1789 1455 2146 1546 κλαιούσης
2201 1453 2403 1548 miz-529
2468 1453 2661 1544 ἐρρύη

354 1559 434 1628 τὰ
480 1559 726 1648 δάκρυα
766 1564 875 1629 καὶ
919 1560 1156 1653 κρήνην
1199 1555 1413 1651 ἀνῆκε,
1481 1563 1774 1647 Βυβλίδα
1825 1566 1968 1640 τοῖς
2022 1559 2401 1652 ἐπιχωρίοις
2455 1561 2661 1643 ὄνομα

357 1667 463 1750 (cf.
511 1667 716 1733 Schol.
761 1668 1070 1734 Theocrit.
1117 1668 1160 1732 l.
1200 1668 1288 1748 1.).
1364 1704 1437 1713 -
1508 1667 1695 1750 Apud
1744 1664 2151 1744 Nicandrum,
2221 1664 2326 1746 qui
2379 1682 2540 1728 unus
2585 1663 2660 1728 de

355 1769 570 1834 fratris
611 1768 1109 1851 interpellatione
1150 1768 1307 1832 nihil
1351 1769 1557 1849 habet,
1605 1766 1874 1851 Byblida
1916 1763 2145 1829 amoris
2187 1761 2583 1844 impatientia
2628 1781 2661 1828 e

357 1888 510 1952 rupe
549 1889 617 1934 se
656 1869 1069 1952 praecipitare
1107 1871 1434 1934 conantem
1468 1869 1777 1952 nymphae
1806 1866 2094 1931 cohibent
2122 1882 2381 1946 eamque
2410 1863 2662 1928 mutant

356 1972 422 2035 in
452 1970 933 2089 Hama'dryadffi
979 1969 1281 2037 additur:
1306 1969 1596 2034 καλεῖται
1644 1967 1715 2031 δὲ
1748 1965 1854 2031 καὶ
1883 1961 1961 2031 τὸ
1993 1965 2141 2052 ῥέον
2172 1963 2243 2029 ἐκ
2270 1965 2388 2052 τῆς
2417 1962 2663 2048 πέτρας

359 2067 608 2155 ἐκείνης
649 2059 796 2152 ὄὲχρι
841 2071 950 2134 νῦν
994 2063 1177 2152 παρὰ
1219 2071 1364 2145 τοῖς
1409 2067 1789 2151 ἐπιχωρίοις
1832 2060 2113 2147 δάκρυον
2143 2064 2484 2148 Βυβλίὸος.
2546 2065 2661 2131 Cui

357 2173 705 2237 narrationi
749 2171 922 2237 aliud
967 2171 1396 2236 testimonium
1443 2190 1566 2235 non
1612 2170 2016 2252 suffragatur,
2080 2168 2245 2253 quod
2306 2168 2553 2250 saepius
2594 2167 2659 2231 in

357 2273 473 2338 hoc
519 2274 770 2338 auctore
814 2271 1058 2338 fabulas
1107 2272 1187 2337 ad
1229 2271 1570 2337 ludibrium
1615 2271 1900 2336 variante
1942 2269 2191 2335 accidit.
2278 2268 2443 2334 Nam
2479 2270 2661 2350 poeta

356 2375 698 2458 Romanus„
763 2394 800 2438 a
859 2392 981 2457 quo
1029 2373 1291 2437 Nonnus
1358 2373 1503 2452 stat,
1571 2372 1760 2456 fingit
1821 2371 2112 2454 puellam,
2182 2390 2372 2452 quam
2427 2369 2660 2434 Naides

358 2475 890 2554 commiserantur,
956 2474 1362 2539 lacrimarum
1415 2473 1551 2539 rivo
1613 2473 1907 2555 perpetuo
1961 2470 2249 2555 gramina
2304 2470 2659 2536 umectante

360 2577 426 2640 in
469 2576 674 2658 ipsum
721 2574 952 2640 fontem
1001 2594 1259 2654 versam,
1301 2568 1444 2657 ‘qui
1477 2593 1642 2639 nunc
1681 2591 1925 2656 quoque
1953 2573 2223 2638 vallibus
2253 2572 2381 2637 illis
2412 2571 2655 2637 Nomen

360 2678 548 2742 habet
591 2676 876 2741 dominae
920 2676 1225 2760 nigraque
1269 2677 1384 2741 sub
1438 2676 1582 2740 ilice
1640 2664 1889 2740 manat'
1956 2675 2038 2755 (v.
2087 2674 2210 2737 663
2255 2673 2396 2755 sq.).
2486 2673 2657 2753 Quae

360 2778 440 2843 ad
487 2777 792 2842 Nicandri
834 2777 1024 2843 verba
1072 2797 1184 2842 nos
1227 2779 1443 2859 sponte
1487 2776 1775 2842 reiciunt.
1830 2812 1895 2820 —
1946 2774 2230 2856 Denique
2276 2776 2348 2837 ut
2398 2770 2478 2839 ad
2533 2775 2658 2858 By-

362 2878 564 2943 blidos
608 2879 850 2944 natales
894 2880 1159 2961 veniam,
1225 2878 1299 2943 de
1354 2879 1532 2961 patre
1573 2877 1792 2941 Mileto
1850 2894 2179 2941 consensus
2236 2877 2357 2952 est3
2422 2876 2660 2940 dissen-

359 2980 531 3044 tiunt
582 2979 658 3044 de
716 2980 934 3058 matre,
1003 2999 1193 3062 quam
1249 2979 1510 3045 Ovidius
1576 2998 1634 3045 v.
1678 2979 1801 3043 452
1848 2996 1937 3061 sq.
1988 2976 2270 3060 Cyaneen
2334 2974 2660 3041 Maeandri

359 3082 556 3147 filiam
603 3082 706 3163 (cf.
753 3082 1192 3165 Mythograph.
1221 3082 1366 3146 Vat.
1412 3081 1462 3157 Ι,
1510 3081 1681 3159 204),
1729 3078 2040 3144 Nicander
2075 3077 2400 3144 Idotheam
2434 3076 2661 3159 Euryti

357 3186 586 3264 filiam,
657 3185 1036 3250 Nicaenetus
1083 3183 1452 3266 Tragasiam
1521 3183 1706 3247 vocat
1728 3184 1773 3245 2.
1862 3181 2075 3246 Proles
2121 3179 2344 3245 Ovidio
2408 3179 2662 3244 auctore

361 3308 419 3353 v.
465 3288 590 3351 453
633 3286 899 3369 gemella
943 3284 1063 3367 est3
1133 3284 1296 3349 idem
1341 3284 1609 3349 testatur
1656 3281 1971 3347 Nicander
2030 3280 2318 3363 (δίδυμοι
2368 3278 2661 3363 παῖδες),

363 3408 502 3454 cum
559 3406 680 3472 quo
747 3387 1062 3469 praeterea
1125 3387 1306 3468 poeta
1349 3386 1669 3450 Romanus
1738 3383 1997 3448 mirifice
2060 3384 2334 3448 concinit
2400 3401 2661 3448 narrans

361 3511 417 3555 v.
461 3490 586 3555 447
636 3508 725 3572 sq.
767 3488 1058 3553 Miletum
1106 3487 1287 3553 celeri
1343 3488 1556 3552 carina
1602 3486 1819 3569 sponte
1864 3485 2078 3549 Minoa
2123 3483 2357 3567 fugisse
2414 3484 2663 3548 urbem-

565 3696 584 3727 ¹
623 3692 922 3748 Terrarum
976 3692 1206 3746 nomina
1255 3691 1478 3745 diversa
1527 3694 1675 3759 sunt,
1729 3689 1841 3743 nisi
1884 3689 2105 3760 Cragon
2140 3687 2242 3743 Ov.
2281 3687 2386 3742 646
2426 3688 2569 3741 latet
2603 3686 2663 3741 in

365 3780 594 3853 Κάπρος
628 3783 750 3837 Nic.
790 3802 840 3837 v.
881 3784 940 3851 '73
979 3781 1048 3835 cf.
1087 3781 1344 3835 Meineke
1382 3781 1418 3834 1.
1457 3782 1494 3833 1.

564 3870 586 3902 ²
623 3871 862 3925 Nomina
909 3888 1085 3938 aquae
1129 3868 1596 3940 significationem
1643 3884 1779 3937 prae
1826 3885 1884 3921 se
1933 3866 2152 3935 ferunt3
2206 3864 2276 3921 ef.
2315 3865 2513 3919 Rohde
2550 3865 2586 3919 1.
2626 3866 2664 3918 1.

362 3962 576 4017 Preller
599 3960 683 4014 Pl.
713 3960 808 4015 Gr.
834 3960 1010 4027 Myth.
1038 3960 1093 4012 ΙΙ
1119 3977 1173 4028 p.
1208 3961 1306 4011 135
1335 3958 1468 4012 adn.
1498 3961 1546 4010 2.
1575 3959 1625 4010 3.
1650 3987 1713 3995 —
1736 3955 2016 4009 Meineke:
2062 3958 2347 4027 Τραγασίῃ
2375 3954 2438 4007 δὲ
2461 3956 2663 4006 Καλαι-

359 4053 485 4111 νοῦς
521 4056 699 4120 εἴχετο
735 4050 909 4103 παιδί.
962 4048 1251 4122 Cod5Pal.
1290 4050 1572 4105 κελαινέες.
1613 4049 1681 4099 A.
1710 4045 1924 4099 Hecker
1950 4044 2228 4114 Philolog.
2259 4044 2396 4097 1850
2430 4061 2485 4111 p.
2531 4044 2661 4096 415:

342 4144 684 4210 ’Τραγασίην
725 4138 788 4191 δὲ
815 4140 1110 4197 Κελαινοῦς
1146 4132 1305 4207 ἤγετο
1343 4136 1538 4190 παῖδα.
1586 4135 1817 4189 Herch.:
1861 4134 2171 4193 Κελαινοῦς.
2211 4133 2294 4187 Cf.
2322 4131 2663 4201 Steph.Byz.

361 4248 401 4284 s,
439 4249 490 4283 v.
535 4222 794 4295 Κάλβιος·
835 4222 1000 4297 κρήνη
1035 4232 1244 4286 Λυκίας
1280 4224 1345 4294 ἣν
1382 4230 1472 4279 καὶ
1499 4219 1783 4278 Καλαινόν
1808 4240 1967 4296 φασι.
2008 4224 2266 4279 Ceterum
2287 4222 2664 4291 Tragasaeum

359 4319 441 4373 sal
488 4316 713 4371 lectoris
763 4316 947 4370 animo
986 4317 1305 4371 occursabit
1340 4315 1555 4386 (Steph.
1597 4314 1725 4384 Byz.
1764 4332 1806 4368 3.
1846 4332 1897 4367 v.
1944 4316 2261 4381 Τραγασαί;
2301 4310 2368 4365 ef.
2406 4309 2665 4364 Meineke

261 4408 271 4420 “
362 4410 399 4463 1.
436 4407 472 4461 l.
515 4406 788 4475 Epimetr.
833 4406 926 4475 II).
