3157 5028
1496 356 1597 408 123

395 531 734 596 venatrices
779 532 1021 596 Dianae
1067 530 1359 611 comites,
1427 527 1679 592 Amoris
1720 525 1863 592 telis
1907 525 2051 590 illas
2096 542 2340 607 quoque
2384 522 2693 606 postremo

388 633 870 711 succumbenteS,
917 631 983 695 in
1027 630 1266 696 deliciis
1311 630 1670 704 habuisse13
1718 628 1943 712 quibus
1986 644 2087 692 eos
2135 625 2295 691 alias
2335 624 2596 706 puellaS,
2640 622 2694 688 si

393 753 499 816 per
542 732 871 798 materiam
915 731 1150 814 liceret,
1193 728 1589 814 aliquatenus
1634 729 2013 811 adaequasse
2056 726 2408 809 appositum
2442 723 2524 788 ad
2559 742 2697 806 per-

391 834 741 899 suasionem
785 834 897 898 est.
983 833 1204 915 Itaque
1246 831 1580 914 Vergilius,
1652 832 1725 895 ut
1779 830 1884 912 qui
1930 828 1995 892 in
2044 827 2243 892 Didus
2287 825 2695 907 descriptione

391 934 724 1016 diligenter
786 932 1348 997 Alexandrinorum
1395 932 1665 1014 vestigia
1709 930 1933 1014 legerit
1956 931 2009 1008 ²,
2077 928 2345 993 Elissam
2411 926 2695 992 venatico

397 1036 622 1101 ornatu
671 1034 959 1099 indutam
1001 1033 1497 1116 progredientem
1542 1030 1818 1097 ostendit
1863 1029 2044 1112 (Aen.
2094 1029 2204 1108 IV,
2256 1029 2374 1092 136
2418 1025 2541 1111 sq.)
2573 1045 2695 1092 non

392 1136 652 1202 fortuito
715 1135 796 1201 ad
861 1135 1156 1200 venatum
1218 1151 1557 1211 recurrens,
1629 1149 1749 1216 quo
1794 1151 1922 1197 rem
1970 1131 2047 1198 ad
2093 1131 2323 1196 exitum
2369 1128 2695 1212 perducat3

393 1236 455 1300 et
490 1233 798 1301 Ovidiana
841 1234 1128 1299 Phaedra
1175 1233 1545 1298 Atalantam
1590 1233 1757 1298 haud
1803 1233 2032 1298 temere
2073 1230 2338 1298 laudans
2384 1226 2561 1309 (Her.
2584 1227 2694 1306 IV,

394 1335 502 1413 99)
548 1335 759 1401 iuveni
801 1335 868 1399 in
910 1334 1087 1400 silvis
1131 1333 1404 1400 moranti
1441 1334 1721 1400 affirmat
1763 1354 1820 1399 v.
1870 1335 1989 1399 103
2035 1353 2155 1416 sq.:

692 1436 832 1518 Ipsa
871 1453 1074 1500 comes
1116 1435 1381 1512 veniam,
1428 1453 1538 1498 nec
1582 1453 1680 1499 me
1722 1433 2036 1499 salebrosa
2080 1431 2418 1498 movebunt

793 1555 958 1615 saxa,
1005 1554 1115 1600 nec
1160 1535 1412 1619 obliquo
1458 1535 1643 1601 dente
1687 1535 2001 1600 timendus
2042 1553 2208 1617 aper.

395 1637 846 1703 Alexandrinos
891 1637 1088 1718 igitur
1131 1636 1346 1719 quidni
1397 1637 1753 1704 statuamus
1800 1635 2083 1701 Cressam
2123 1633 2396 1717 puellam
2442 1651 2508 1697 re
2550 1651 2696 1697 vera

393 1739 787 1804 Amazonum
851 1739 1068 1804 habitu
1138 1757 1244 1820 per
1311 1739 1500 1804 silvas
1565 1737 1920 1804 cursantem
1963 1737 2026 1803 et
2068 1735 2435 1802 volitantem
2483 1732 2697 1815 depin-

395 1841 634 1906 xisseP³
705 1875 775 1885 —
844 1839 1092 1904 Amoris
1155 1838 1699 1922 praedicationem,
1766 1838 1940 1921 pueri
1984 1837 2202 1904 lascivi
2246 1836 2696 1917 immodicequc

399 1940 780 2013 bacchantis,
828 1939 906 2004 iis
950 1940 1116 2006 ultro
1147 1938 1466 2015 concedes;
1513 1940 1633 2004 nisi
1663 1958 1941 2022 perverse
1970 1939 2163 2004 sumis
2185 1939 2432 2021 poetam
2464 1936 2697 2001 Roma-

395 2060 545 2105 num
577 2041 643 2104 in
688 2041 873 2106 choro
905 2060 961 2106 v.
991 2042 1114 2106 274
1147 2060 1236 2123 sq.
1269 2041 1520 2106 deorum
1566 2041 1945 2122 heroumque
1987 2040 2151 2105 vitas
2194 2037 2697 2122 perlustrantem,

392 2161 514 2226 quo
572 2141 894 2224 Cupidinis
955 2143 1202 2225 parvuli
1277 2142 1481 2225 gloria
1545 2142 1836 2225 famaque
1900 2140 2343 2225 penetraverit,
2420 2136 2693 2218 exempla

392 2243 630 2326 utique·
652 2263 722 2309 ex
765 2263 910 2309 suae
972 2244 1293 2308 doctrinae
1354 2245 1661 2326 apparatu
1716 2244 2065 2326 protulisse.
2153 2239 2465 2322 Apollinis
2530 2237 2693 2302 enim

397 2344 737 2426 exemplum
803 2363 1014 2410 amore
1076 2344 1452 2410 inflammati
1516 2346 1801 2410 armenta
1853 2343 2106 2409 Admeti
2180 2339 2507 2424 pascentia
2572 2357 2694 2422 quo

393 2444 575 2510 modo
635 2445 822 2529 primi
871 2445 1270 2511 Alexandrini
1334 2446 1613 2512 fabulam
1658 2445 2111 2511 exornaverunt
2138 2447 2183 2527 ⁴,
2252 2443 2305 2507 si
2358 2441 2466 2527 qui
2519 2440 2695 2523 parvi

393 2547 689 2628 pendunt,
753 2565 905 2639 num
943 2548 1105 2613 forte
1147 2548 1234 2613 eis
1278 2550 1460 2631 poeta
1502 2548 1654 2614 item
1701 2548 1865 2614 circa
1908 2548 2093 2613 vilem
2140 2544 2550 2628 patulumque
2594 2561 2695 2608 or-

392 2648 528 2711 bem
586 2648 821 2713 versa’ri
875 2649 1141 2729 videtur,
1208 2650 1263 2714 si
1329 2652 1544 2716 narrat
1608 2650 1819 2715 Iovem
1864 2649 2039 2714 bovis
2094 2648 2361 2713 formam
2403 2644 2695 2709 indutum

389 2749 452 2812 et
496 2749 813 2831 Europam
876 2768 982 2832 per
1049 2769 1219 2815 mare
1279 2751 1665 2832 auferentem
1710 2751 1949 2834 ungula
1991 2750 2192 2815 lentos
2235 2764 2437 2812 remos
2480 2744 2696 2809 imita-

606 2969 623 3000 ¹
664 2967 745 3022 Cf.
783 2968 1014 3037 Dilthey
1054 2970 1092 3023 1.
1132 2970 1173 3023 l.
1208 2988 1263 3040 p.
1302 2972 1390 3027 43.
1435 2973 1483 3024 1.
1555 2969 1755 3025 Rohde
1790 2970 1828 3023 1.
1866 2970 1903 3024 1.
1940 2986 1995 3039 p.
2037 2970 2137 3022 148
2170 2968 2300 3022 adn.

602 3057 624 3089 ²
661 3056 812 3111 Dido
850 3075 1038 3113 amore
1075 3058 1322 3130 flagrans
1360 3060 1432 3114 ab
1473 3061 1629 3115 omni
1682 3059 1849 3115 solita
1894 3058 2259 3128 occupatione
2306 3056 2569 3127 expedita
2611 3060 2696 3111 est

397 3142 560 3211 (Aen.
585 3143 678 3213 IV,
717 3146 787 3199 86
813 3146 939 3215 sq.),
978 3145 1169 3201 furens
1210 3151 1334 3202 tota
1368 3147 1510 3203 urbe
1545 3153 1788 3219 vagatur
1813 3149 1885 3217 (V.
1914 3149 1985 3202 68
2008 3147 2129 3216 sq.),
2156 3146 2437 3201 furentem
2464 3144 2699 3199 delubra

393 3232 537 3285 nihil
573 3233 773 3288 iuvant
808 3235 882 3302 (v.
917 3238 986 3289 56
1024 3253 1103 3303 sq.
1143 3237 1211 3290 65
1251 3254 1358 3305 sq.;
1397 3236 1468 3291 cf.
1507 3236 1631 3291 Sen.
1667 3236 1872 3290 Phaed.
1917 3237 2059 3305 105),
2106 3236 2221 3290 iam
2255 3238 2506 3289 amatum
2543 3233 2695 3289 iuve-

391 3338 520 3374 nem
555 3322 766 3377 blando
804 3323 1052 3392 alloquio
1089 3325 1353 3394 prosequi
1391 3325 1609 3394 incipit,
1646 3325 1743 3379 sed
1768 3342 1879 3379 vox
1904 3323 2095 3379 deficit
2123 3324 2195 3394 (v.
2224 3324 2328 3393 76).
2356 3352 2421 3363 --
2448 3322 2696 3390 Quorum

389 3410 658 3464 nonnulla
694 3410 1008 3466 Phaedram
1052 3412 1114 3465 in
1150 3414 1477 3468 memoriam
1513 3417 1799 3468 revocant.
1874 3414 2024 3481 Alia,
2077 3415 2142 3465 ut
2184 3412 2392 3480 vultus,
2446 3411 2697 3480 corporis

390 3498 590 3567 forma,
647 3517 758 3554 vox
796 3501 969 3554 amati
1018 3500 1130 3555 viri
1170 3502 1390 3570 puellae
1433 3500 1608 3555 infixa
1643 3501 1876 3555 haerens
1922 3501 1999 3571 (v.
2036 3504 2085 3555 4.
2124 3501 2230 3569 83),
2281 3500 2429 3570 apud
2466 3499 2694 3569 Apollo·

395 3586 551 3639 nium
589 3586 872 3641 Rhodium
911 3588 1069 3659 (Arg.
1111 3588 1210 3652 111,
1252 3590 1356 3643 453
1396 3588 1502 3659 sq.)
1536 3590 1923 3659 reperiuntur3
1962 3574 1997 3643 a
2032 3589 2187 3643 cuius
2226 3588 2396 3642 tertio
2433 3588 2600 3653 libro,
2636 3588 2695 3640 in

393 3690 505 3741 quo
547 3679 831 3729 amantem
867 3676 1124 3730 Medeam
1167 3681 1376 3740 cantat,
1433 3682 1618 3733 totum
1659 3678 1807 3733 hunc
1856 3681 2121 3746 quartum
2156 3677 2436 3732 Aeneidos
2485 3676 2693 3730 librum

392 3761 733 3833 descriptum
771 3781 888 3819 esse
925 3764 1146 3820 Servius
1183 3766 1370 3837 (Verg.
1411 3770 1550 3822 Aen.
1587 3768 1682 3836 IV,
1724 3767 1775 3836 1)
1809 3767 2156 3821 subabsurde
2196 3765 2459 3821 affirmat.

595 3850 617 3882 ⁸
658 3852 886 3907 Pictura
921 3854 1262 3924 Pompeiana
1304 3856 1467 3910 Helb.
1506 3873 1595 3911 no,
1634 3856 1739 3912 253
1776 3850 2077 3926 unicuique
2115 3856 2175 3909 in
2208 3859 2452 3909 mentem
2489 3853 2695 3923 veniet,

392 3939 453 3993 in
493 3940 647 3993 cuius
701 3942 1168 4010 interpretatione
1213 3944 1323 3997 viri
1371 3944 1525 3999 docti
1575 3961 1916 4015 magnopere
1971 3944 2331 3999 sudaverunt.
2407 3942 2515 3996 Sed
2569 3959 2696 3996 cum

396 4025 730 4083 difficillima
766 4029 905 4084 haec
941 4032 1195 4099 quaestio
1233 4032 1494 4087 latiorem
1525 4050 1630 4102 pro
1668 4033 1921 4103 angustis
1960 4050 2116 4087 meae
2148 4030 2545 4101 disputationis
2571 4030 2695 4085 fini·

396 4115 499 4170 bus
542 4133 802 4186 campum
839 4119 1109 4187 requirat,
1146 4120 1412 4175 iudicium
1453 4138 1641 4175 meum
1678 4121 1906 4175 interim
1944 4121 2155 4175 sistam.

603 4207 627 4237 ⁴
665 4204 747 4260 Cf.
789 4204 1108 4262 Callimach.
1155 4208 1302 4279 hym.
1351 4209 1411 4263 in
1457 4209 1647 4278 Apoll.
1684 4210 1772 4263 49.
1845 4209 2047 4264 Rhian.
2085 4208 2265 4263 Schol.
2304 4208 2441 4262 Eur.
2479 4206 2601 4261 Alc.
2645 4208 2693 4259 1.

392 4292 599 4349 Tibull.
623 4295 693 4358 11,
732 4296 782 4350 3.
817 4299 873 4348 11
904 4313 1010 4366 sq.;
1046 4296 1147 4361 111,
1186 4298 1238 4352 4.
1266 4299 1335 4352 67
1359 4315 1440 4367 sq.
1506 4297 1609 4353 Ov.
1635 4298 1753 4353 Her
1777 4298 1844 4367 V,
1886 4299 1984 4352 151
2007 4315 2119 4371 sq.;
2156 4297 2293 4353 Met.
2330 4294 2402 4368 11,
2444 4296 2551 4350 680
2580 4302 2692 4364 ‘sq.;

393 4384 518 4438 Art.
562 4384 690 4439 Am.
725 4384 798 4455 H,
838 4387 943 4441 239
981 4403 1063 4455 sq.
