3157 5028
1279 18 1310 34 “‘
1341 3 1438 83 πῖ»
1455 35 1496 68 Η
1512 12 1701 128 2:117?

1167 89 1189 111 Ι
1393 93 1505 128 ‘351
1575 93 1603 128 Ξ

1134 241 1144 262 ι
1221 165 1267 221 l?-
1312 32 1843 358 MVERSlTD

1177 264 1693 386 Χέξὶι-ιοςρτέὲὲ

326 551 512 618 bulae
539 553 846 634 epitomen
877 550 920 615 i.
944 569 996 614 e.
1027 548 1355 632 Hippolyti
1383 549 1823 632 argumentum
1854 547 2259 632 refugiamus,
2288 550 2353 614 in
2380 569 2501 634 quo
2525 568 2621 617 res

319 654 410 718 ita
454 654 776 718 narratur:
819 647 1195 734 θεασαμένη
1242 645 1314 713 δὲ
1356 642 1474 713 τὸν
1518 647 1851 712 νεανίσκον
1897 646 1935 734 ἦ
1970 647 2223 731 Φαίδρα
2254 645 2348 726 εἰς
2377 647 2619 715 ἐπιθυ·
2642 691 2658 707 .

319 752 474 835 μίαν
502 742 794 819 ὤλισθεν
817 790 914 818 -.
959 751 1275 837 στέγουσα
1310 748 1380 816 δὲ
1409 745 1525 839 τὴν
1555 745 1751 817 νόσον
1778 745 1991 836 χρόνῳ
2023 746 2194 834 πρὸς
2222 751 2337 835 τὴν
2365 747 2619 838 τροφὸν

319 855 608 941 δηλῶσαι
653 846 1052 940 ἠναγκάσθη,
1101 853 1769 938 κατεπαγγειλαμένην
1811 844 1973 943 αὐτῇ
2014 846 2411 939 βοηθήσειν·
2474 848 2619 938 ἥτις

318 952 484 1022 κατὰ
529 953 646 1046 τὴν
685 954 1074 1040 προαίρεσιν
1123 948 1353 1040 λόγους
1395 950 1796 1040 προςήνεγκε
1839 957 1937 1042 τῷ
1981 954 2311 1041 νεανίσκῳ.
2360 993 2435 1000 -
2496 955 2616 1036 Qui

318 1079 440 1126 non
485 1059 912 1142 praeiudicata
954 1058 1240 1141 opinione
1286 1060 1551 1140 tenetur,
1596 1058 1919 1141 intelleget
1962 1058 2267 1123 Antonini
2297 1059 2613 1124 auctorem

318 1163 453 1227 tam
497 1179 700 1243 presse
745 1160 976 1242 tragici
1026 1159 1293 1243 vestigia
1336 1159 1558 1242 legere,
1626 1160 1697 1223 ut
1749 1159 1940 1225 ctiam
1986 1159 2208 1224 Ovidio
2264 1160 2616 1234 antecellat,

320 1282 460 1328 cum
508 1262 584 1326 de
627 1253 917 1346 Myflhae
965 1262 1166 1326 morte
1215 1260 1570 1326 voluntaria
1612 1259 1739 1325 iam
1782 1261 2148 1326 imminente
2190 1260 2346 1325 nihil
2405 1261 2619 1326 tradat

319 1365 380 1430 et
441 1363 747 1427 nutricem
814 1363 1015 1436 morbi
1072 1347 1410 1426 remedium
1476 1361 1871 1444 pollicentem
1937 1361 2155 1444 fingat.
2240 1362 2361 1427 Sed
2414 1363 2485 1426 ut
2542 1381 2619 1428 ne

319 1463 670 1530 levissimus
716 1461 966 1545 quidem
1007 1460 1334 1544 scrupulus
1376 1461 1664 1539 resideat,
1710 1461 1940 1526 nutrici
1972 1461 2347 1546 Hippolytae
2369 1481 2616 1542 nomen,

320 1566 394 1630 de
439 1584 562 1648 quo
611 1563 864 1629 aliunde
907 1582 1028 1628 non
1074 1563 1340 1641 constat,
1384 1561 1655 1628 inditum
1697 1565 1817 1639 est;
1861 1583 1985 1647 qua
2028 1563 2276 1630 fictione
2317 1583 2437 1629 non
2485 1567 2618 1630 tam

320 1667 420 1731 fur
465 1665 748 1748 proditur
795 1684 982 1749 quam
1028 1665 1268 1730 furtum
1315 1665 1465 1731 data
1519 1685 1703 1748 opera
1755 1667 2215 1748 pronuntiatur.
2304 1666 2618 1730 Nimirum

319 1767 728 1834 Alexandrini
770 1769 984 1850 poetae
1029 1767 1284 1832 minime
1330 1768 1514 1833 veriti
1545 1770 1692 1833 sunt
1721 1769 1837 1834 hoc
1866 1768 2048 1834 modo
2079 1768 2354 1834 alienum
2386 1769 2617 1834 bonum

319 1871 382 1935 in
427 1888 604 1935 suam
651 1888 781 1934 rem
827 1870 1201 1944 convertere,
1267 1868 1431 1953 quod
1478 1868 1733 1952 Dilthey
1786 1869 1853 1953 (l.
1899 1871 1941 1934 1.
1988 1889 2043 1952 p.
2096 1871 2213 1934 108
2259 1869 2379 1952 sq.)
2440 1889 2617 1951 prae-

320 1972 488 2036 claro
536 1969 848 2054 Ctesyllae
891 1969 1139 2036 fabulae
1183 1970 1457 2052 exemplo
1501 1969 1973 2049 demonstravit,
2036 1971 2104 2034 in
2148 1990 2335 2054 quam
2382 1971 2617 2038 Nican-

320 2073 429 2137 der
472 2073 649 2151 (Ant.
695 2071 825 2136 Lib.
877 2069 939 2154 1)
1006 2090 1227 2153 parum
1290 2071 1609 2154 ingeniose
1665 2071 1833 2153 pomi
1886 2069 2126 2155 Cydoni
2182 2073 2519 2138 artificium
2584 2093 2616 2140 e

321 2173 692 2240 Callimachi
737 2168 1014 2256 Cydippa
1057 2173 1386 2237 transtulit
1426 2191 1623 2254 neque
1666 2173 1787 2238 sibi
1829 2174 2219 2256 temperavit,
2287 2175 2617 2258 quominus

321 2276 662 2360 Cydippam
690 2276 753 2340 et
777 2275 1114 2339 Acontium
1135 2275 1485 2340 nominaret
1503 2277 1543 2338 ¹.
1591 2274 1959 2357 Saepissime
1988 2276 2151 2340 enim.
2180 2278 2495 2341 auctorem
2524 2276 2617 2341 fa-

318 2375 628 2455 bulamve,
673 2395 861 2459 quam
911 2378 1327 2457 ruminantur,
1375 2378 1585 2461 aliquo
1618 2378 1799 2443 modo
1840 2379 2199 2462 significant
2244 2380 2374 2444 sive
2416 2399 2619 2444 exem-

320 2477 513 2561 plaris
560 2495 772 2543 versus
814 2478 976 2543 tecte
1021 2479 1388 2545 denotantes
1434 2480 1623 2562 atque
1668 2479 1820 2545 adeo
1872 2480 2035 2563 ipsos
2093 2480 2434 2546 intexentes
2486 2480 2618 2546 sive

319 2596 610 2659 personas
653 2578 919 2659 fabulae,
987 2599 1174 2662 quam
1216 2580 1570 2657 imitantur,
1639 2582 2122 2663 comparationis
2166 2582 2366 2646 instar
2414 2582 2619 2646 nomi-

320 2679 540 2743 nantes
564 2678 608 2743 2.
695 2679 891 2760 Quale
929 2681 1209 2746 studium
1252 2682 1442 2747 etiam
1487 2682 1701 2747 nostro
1744 2683 1880 2747 loco
1922 2683 1989 2746 in
2030 2682 2277 2748 nomine
2320 2683 2467 2748 ficto
2512 2682 2618 2747 de-

319 2781 614 2862 prehendi
659 2782 850 2863 patet.
941 2780 1246 2861 Ceterum,
1293 2782 1440 2866 quia
1484 2783 1867 2865 ignoramus,
1920 2802 2040 2865 quo
2086 2802 2279 2866 usque
2312 2785 2533 2849 auctor
2554 2784 2620 2849 in

317 2880 586 2963 singulis
629 2882 810 2946 rebus
855 2883 1221 2947 exornandis
1263 2884 1575 2966 tragicum
1623 2884 1869 2965 poetam
1909 2884 2316 2967 descripserit,
2364 2904 2512 2950 cave
2547 2905 2623 2950 ne

319 2982 586 3047 nimium
639 2983 880 3048 tribuas
937 2984 1032 3063 iis,
1101 2984 1324 3066 quibus
1379 2984 1486 3049 ille
1543 2984 1606 3049 et
1650 2986 1829 3067 poeta
1876 2986 2193 3050 Romanus
2238 2986 2483 3051 differre
2526 2986 2623 3052 vi-

319 3082 564 3148 dentur.
610 3084 834 3166 Itaque
863 3085 1086 3164 nescio,
1125 3104 1204 3149 an
1225 3085 1456 3150 similis
1479 3086 1846 3168 exemplaris
1875 3086 2107 3152 indicia
2138 3087 2302 3170 apud
2326 3088 2621 3154 Ovidium

319 3184 612 3266 cognosci
645 3184 884 3266 possint
913 3186 977 3250 in
1009 3204 1097 3261 ec,
1143 3185 1309 3269 quod
1341 3187 1552 3251 nutrix
1602 3187 1849 3253 silentio
1880 3188 2076 3271 tegat,
2122 3188 2273 3271 quid
2304 3190 2620 3269 moliatur,

320 3303 444 3349 non
473 3302 623 3349 ausa
670 3286 984 3367 praeterea
1028 3285 1332 3351 incestum
1371 3287 1578 3367 palam
1620 3288 2022 3369 pronuntiare
2052 3308 2108 3352 v.
2134 3289 2257 3354 429
2278 3308 2367 3373 sq.
2419 3290 2623 3373 Atque

319 3386 482 3468 quod
530 3385 834 3451 Antonini
891 3387 1108 3452 auctor
1154 3386 1486 3471 Smyrnam
1528 3388 1732 3452 multa
1791 3390 2249 3454 machinantem
2307 3390 2493 3473 fingit
2543 3390 2622 3455 ad

316 3486 902 3568 procrastinandum
957 3506 1347 3571 responsum,
1415 3487 1578 3571 quod
1635 3488 1867 3571 procris
1922 3490 2289 3572 urgentibus
2318 3492 2624 3571 ’parentes

317 3589 528 3655 daturi
560 3588 705 3668 sint,
751 3607 952 3655 nonne
993 3591 1174 3672 poeta
1218 3590 1538 3655 Romanus
1585 3590 1841 3655 eandem
1886 3590 2295 3672 prolationem
2343 3591 2623 3655 illustrat

524 3880 545 3913 ¹
586 3881 744 3937 Hanc
780 3880 1250 3953 significationem
1287 3881 1360 3936 ad
1396 3881 1748 3936 Antoninum
1793 3882 2160 3937 revocandam
2208 3900 2327 3937 esse
2374 3882 2496 3938 iure
2532 3902 2624 3939 ne-

317 3970 476 4042 gavit
517 3970 717 4024 Rohde
755 3971 789 4023 1.
827 3972 862 4025 1.
900 3989 954 4040 p.
995 3972 1079 4025 92.
1117 3973 1164 4025 3.

523 4058 545 4091 ²
581 4057 858 4127 Exempla
913 4059 1262 4129 collegerunt
1309 4059 1508 4113 Rohde
1557 4060 1595 4113 1.
1633 4060 1669 4112 1.
1762 4058 1993 4126 Dilthey
2030 4058 2067 4112 1.
2101 4059 2138 4113 1.
2188 4059 2281 4130 (cf.
2319 4077 2374 4129 p.
2414 4062 2479 4114 73
2519 4061 2627 4131 sq.)

317 4145 554 4199 Knaack
590 4146 629 4199 1.
655 4145 693 4198 1.
732 4163 787 4214 p.
815 4148 910 4214 30;
948 4146 1150 4215 quibus
1182 4147 1314 4201 addi
1339 4152 1573 4215 possunt
1597 4148 1892 4202 Nonniana
1917 4146 2143 4215 Dionys.
2169 4146 2377 4219 XXIII,
2417 4150 2520 4201 221
2543 4167 2625 4219 sq.

320 4232 548 4301 XXXV,
587 4235 659 4287 28
695 4232 787 4304 (cf.
826 4234 1071 4289 Koehler
1109 4236 1162 4289 d.
1203 4234 1540 4304 Dionysiaca
1577 4235 1631 4289 d.
1670 4235 1903 4289 Nonnus
1938 4253 1996 4305 p.
2034 4238 2103 4289 65
2149 4254 2205 4305 p.
2244 4236 2329 4289 31.
2371 4236 2444 4305 3).
2518 4237 2625 4291 De-

319 4321 491 4391 nique
523 4321 634 4375 huc
669 4323 918 4391 pertinet
953 4323 1246 4378 Heliodori
1283 4324 1578 4377 historiola
1635 4324 1703 4377 de
1739 4323 2029 4386 Cnemone,
2088 4324 2148 4378 in
2187 4342 2297 4393 qua
2332 4324 2628 4393 Hippolyti

319 4408 575 4464 fabulum
610 4408 867 4465 denotari
907 4429 1080 4480 supra
1113 4412 1349 4481 exposui
1385 4413 1464 4482 (p.
1502 4414 1573 4467 64
1610 4411 1732 4482 ΒΨ).
