3157 5028
1475 363 1547 416 85

355 532 472 597 bus
514 531 682 598 haud
727 531 966 598 levibus
1011 551 1153 599 cum
1197 531 1508 600 Ovidiana
1551 536 1877 619 congruat.
1944 571 2025 582 —
2094 535 2328 603 Cinnae
2398 537 2663 622 denique

353 634 610 700 doctum
661 652 1004 716 novemque
1057 634 1237 700 annis
1281 636 1606 701 elimatum
1664 656 1739 703 ac
1793 637 2167 720 perpolitum
2216 657 2467 704 carmen
2511 639 2663 704 Ovi-

354 736 457 801 dio
525 753 650 800 non
707 735 1068 815 innotuisse,
1135 737 1273 819 quis
1316 738 1427 816 est,
1475 737 1584 821 qui
1628 738 2029 821 pertinaciter
2076 757 2345 805 asserere
2388 739 2661 806 audeat?

354 836 727 919 Quanquam
775 854 974 918 neque
1017 837 1308 904 carminis
1353 839 1719 918 obscuritas,
1768 839 1994 923 quippe
2024 839 2186 923 quod
2228 840 2660 922 grammaticis

353 956 571 1003 verum
612 930 965 1021 γυμνάσιον
1009 933 1103 1014 εἷς
1147 931 1442 1023 ἐξήγησιν
1483 939 1673 1005 fuisse
1711 940 2014 1020 videatur,
2062 959 2256 1023 neque
2284 941 2658 1025 fragmenta,

359 1038 478 1104 etsi
522 1037 900 1120 paucissima
927 1037 1187 1118 restant,
1231 1039 1550 1121 probabile
1580 1039 1849 1106 reddunt
1879 1041 2191 1107 Nasonem
2234 1043 2301 1108 in
2343 1041 2473 1106 eius
2516 1042 2662 1106 imi-

351 1139 596 1205 tatione
639 1138 903 1205 defixum
949 1139 1156 1218 fuisse,
1203 1159 1279 1205 ne
1319 1140 1525 1207 dicam
1571 1141 1647 1207 de
1676 1141 1935 1208 diversis
1965 1141 2255 1208 heroinae
2284 1142 2659 1208 nominibus.

351 1239 574 1323 Itaque
629 1240 814 1320 absit,
880 1238 953 1304 ut
1005 1239 1102 1304 illi
1164 1241 1606 1323 epigrammati
1661 1240 1727 1306 in
1776 1240 2151 1308 Crassicium
2206 1243 2468 1307 nimium
2525 1261 2660 1307 mo·-

352 1343 550 1410 menti
593 1344 658 1407 in
702 1344 820 1408 hac
863 1340 1222 1425 quaestione
1265 1343 1632 1408 attribuam.

554 1443 676 1511 Sed
715 1479 796 1489 —
839 1463 916 1508 ne
957 1463 1054 1509 me
1097 1444 1330 1526 pudeat
1375 1444 1563 1510 fateri
1606 1463 1706 1510 me
1748 1445 2001 1526 nescire,
2045 1444 2226 1528 quod·
2257 1445 2528 1511 nesciam
2574 1482 2658 1494 —-

352 1544 618 1612 ulterius
665 1545 1036 1611 coniecturis
1083 1544 1408 1627 captandis
1432 1545 1723 1628 progredi
1768 1547 1931 1611 nolo,
1998 1545 2187 1612 Vides
2234 1548 2397 1612 enim
2428 1566 2658 1633 magno

351 1647 748 1712 incommodo
815 1649 1026 1713 nostro
1101 1647 1252 1712 haec
1319 1647 1528 1712 omnia
1590 1648 1894 1712 fluctuare
1958 1666 2155 1731 neque
2217 1650 2487 1716 multum
2547 1668 2659 1715 nos

351 1749 587 1813 lucrari
632 1747 809 1812 vanis
841 1748 1215 1824 nominibuS,
1262 1766 1525 1831 quorum
1563 1748 1931 1814 auctoritati
1963 1749 2261 1832 ambigua
2297 1750 2657 1816 testimonia

353 1850 742 1928 succurrant,
808 1849 1276 1914 subodorandis.
1367 1850 1440 1914 In
1497 1849 1595 1914 his
1653 1851 1765 1915 aut
1824 1869 2001 1915 nemo
2060 1868 2338 1934 unquam
2393 1851 2659 1917 certiora

353 1947 510 2015 scire
555 1949 784 2032 poterit
833 1951 944 2014 aut
984 1950 1039 2014 is
1078 1949 1348 2028 demum,
1410 1949 1516 2032 qui
1563 1969 1773 2016 omnes
1818 1949 2092 2016 cuiusvis
2136 1952 2409 2018 auctoris
2453 1952 2657 2017 trans·

354 2050 802 2116 formationum
860 2051 1250 2116 narrationes
1311 2068 1453 2116 cum
1498 2050 1825 2117 Ovidianis
1872 2053 2250 2134 compararit
2291 2054 2353 2117 et
2396 2053 2657 2118 circum-

347 2152 644 2235 spectiu8,
708 2171 896 2235 quam
941 2153 1090 2217 olim
1138 2151 1545 2231 Mellmann,
1506 2154 1527 2193 ¹
1613 2150 1728 2217 sub
1786 2171 1909 2218 uno
1966 2154 2300 2235 conspectu
2365 2153 2656 2236 posuerit.

355 2254 622 2319 Interim
671 2254 950 2320 docuisse
1003 2254 1157 2319 satis
1215 2253 1411 2319 habeo
1464 2271 1607 2318 cum
1651 2253 1945 2320 Ovidium
2012 2253 2169 2319 alios
2232 2254 2514 2320 auctores
2576 2254 2658 2320 ad

354 2355 734 2421 imitandum
761 2355 1060 2439 delegisse
1103 2356 1166 2420 et
1209 2355 1522 2430 conflasse,
1570 2357 1707 2420 tum
1753 2357 2031 2438 apertam
2063 2354 2438 2421 affinitatem
2465 2355 2657 2420 inter-

357 2456 570 2524 cedere
610 2457 774 2523 inter
816 2457 1058 2540 poetam
1109 2457 1460 2524 Romanum
1507 2457 1570 2523 et
1615 2457 1922 2523 Antonini
1964 2457 2267 2524 Liberalis
2316 2457 2653 2537 auctorem,

351 2559 518 2643 quod
563 2558 819 2624 maximi
863 2558 1153 2641 ponderis
1197 2560 1290 2623 est
1331 2558 1412 2623 ad
1456 2558 1889 2640 pensitandam
1941 2560 2108 2623 recte
2152 2557 2466 2640 Euripidis
2510 2557 2657 2622 imi-

349 2659 678 2739 tationem,
721 2660 785 2724 in
815 2679 1005 2743 quam
1039 2659 1231 2724 etiam
1261 2659 1531 2742 reliquos
1568 2659 1853 2724 auctores
1896 2658 2246 2739 inclinasse,
2288 2657 2438 2723 licet
2473 2676 2656 2741 para-

349 2761 643 2843 phrastae
705 2760 862 2827 talia
925 2759 1278 2841 reciderint,
1347 2758 1674 2824 Plutarchi
1728 2758 1901 2824 locus
1958 2777 2145 2841 supra
2188 2757 2420 2823 allatus
2464 2777 2655 2841 argu-

350 2863 561 2929 mento
627 2860 739 2926 est.
849 2858 1086 2923 Nasoni
1159 2858 1368 2924 autem
1442 2857 1693 2923 laudem
1758 2856 2111 2923 inveniendi
2175 2858 2657 2941 illustrandique

347 2965 524 3030 illius
567 2962 732 3028 inter
778 2960 1101 3044 Myrrham
1151 2960 1212 3025 et
1265 2958 1572 3023 nutricem
1619 2958 1914 3042 colloquii
1965 2958 2099 3023 iure
2162 2977 2261 3024 me
2320 2958 2656 3025 detraxisse

353 3066 544 3131 etiam
569 3064 694 3128 alia
719 3060 1090 3145 argumenta
1116 3061 1368 3143 cogunt.
1416 3060 1564 3125 Veri
1587 3060 1749 3125 enim
1780 3059 1937 3125 duco
1960 3059 2352 3124 simillimum
2380 3059 2652 3143 aliquem

349 3168 598 3251 poetam
661 3163 1161 3231 Alexandrinum
1222 3161 1514 3246 Myrrhae
1577 3161 1795 3227 fabula
1857 3162 2132 3227 tractata
2196 3161 2464 3243 gloriam
2534 3160 2655 3227 sibi

349 3268 772 3353 acquisivisse,
820 3265 919 3330 cui
964 3264 1074 3330 alii
1122 3274 1318 3347 neque
1361 3264 1409 3328 ii
1452 3263 1727 3346 tantum,
1780 3263 1887 3346 qui
1932 3263 2222 3347 Myrrhae
2264 3262 2398 3328 fata
2442 3262 2656 3345 depin-

349 3369 586 3455 gendas
615 3370 705 3434 ibi
733 3367 1202 3451 proposuerunt,
1247 3364 1530 3449 vestigiis
1561 3364 1693 3430 eius
1733 3364 1936 3447 magis
1979 3364 2261 3429 minusve
2300 3363 2655 3430 insistentes

343 3490 418 3537 se
462 3468 832 3536 addixerint.
885 3469 977 3534 De
1022 3487 1144 3553 qua
1191 3466 1583 3533 conclusione
1613 3466 1977 3531 confirmate
2006 3466 2162 3531 mihi
2190 3464 2653 3547 suffragaberis,

350 3573 405 3638 si
445 3572 513 3636 in
558 3570 802 3655 Scyllae
857 3569 1286 3653 descriptione,
1354 3568 1603 3651 qualem
1651 3566 1831 3647 Ciris,
1899 3565 2307 3632 Alexandrini
2371 3564 2424 3630 si
2487 3565 2655 3648 quod

350 3691 628 3756 unquam
683 3670 905 3736 coloris
959 3689 1176 3753 poema
1219 3669 1325 3750 (cf.
1374 3668 1628 3753 Dilthey
1672 3668 1713 3733 l.
1755 3668 1797 3734 l.
1842 3687 1900 3752 p.
1947 3668 2073 3747 69),
2130 3665 2393 3745 exhibet,
2456 3666 2656 3732 corol-

351 3773 494 3839 larii
537 3773 673 3837 loco
719 3790 906 3855 quam
953 3771 1308 3836 brevissime
1347 3771 1560 3853 potero
1609 3768 1938 3834 nonnullas
1978 3787 2121 3833 cum
2151 3766 2459 3834 Ovidiana
2486 3766 2653 3852 Myr·
2716 3778 2742 3789 ‘

350 3875 465 3939 rha
507 3871 952 3939 similitudines
998 3872 1186 3955 atque
1231 3889 1333 3935 eas
1374 3871 1509 3935 tam
1556 3869 1874 3953 generales
1920 3868 2369 3950 monstravero,
2435 3868 2506 3931 ut
2549 3886 2656 3932 su-

351 3975 613 4058 spicioni
666 3993 772 4057 per
817 3992 879 4038 se
920 3972 1208 4051 reiculae,
1262 3971 1440 4054 quasi
1484 3972 1700 4053 poetae
1742 3969 1955 4036 Latini
1997 3969 2263 4035 invicem
2310 3987 2376 4033 se
2417 3967 2654 4034 imitati

350 4074 495 4153 sint,
542 4092 665 4139 non
708 4074 977 4157 amplius
1019 4074 1190 4139 locus
1235 4073 1647 4156 relinquatur.

553 4174 762 4259 Scylla
805 4175 1003 4259 igitur
1047 4174 1266 4239 furtim
1314 4194 1346 4239 e
1392 4172 1583 4239 cubili
1632 4190 1891 4256 surgens
1932 4171 2059 4237 iam
2104 4171 2167 4237 in
2214 4191 2283 4237 eo
2313 4172 2425 4251 est,
2471 4173 2551 4261 ut·
2573 4172 2652 4237 ad

558 4396 577 4429 ²
616 4395 699 4451 De
738 4412 884 4451 caus.
925 4399 982 4451 et
1022 4398 1234 4451 auctor.
1273 4396 1485 4449 narrat.
1523 4391 1593 4447 de
1630 4396 1768 4447 mut.
1805 4389 2163 4461 form.'Lips.
2202 4390 2358 4444 1786.

3118 896 3120 920 —
3113 551 3118 800 -‚-‚—.——.,...
3085 3 3117 534 „fimQfflss
