3157 5028
1611 347 1711 399 106

512 517 664 600 quin
721 515 1146 582 Alexandrina
1199 517 1400 599 poesis
1447 516 1701 581 maximi
1743 517 2039 582 momenti
2090 517 2296 595 suerit,
2353 535 2475 583 non
2519 518 2646 582 iam
2692 518 2809 582 du-

511 617 856 683 bitandum.
930 652 1011 664 —-
1073 617 1325 696 Contra,
1399 619 1472 682 ut
1523 618 1604 683 ad
1656 618 1972 700 Euripidis
2028 618 2291 683 Aeolum
2345 617 2611 698 redeam,
2675 618 2811 684 illic

509 719 718 800 potius
755 719 1027 784 incestae
1070 719 1348 784 libidinis
1392 719 1591 802 origo,
1665 738 1790 801 qua
1832 719 2076 784 iuvenis
2119 718 2536 802 perfunditur,
2597 720 2811 802 paucis

511 819 772 885 fortasse
815 819 881 884 in
931 821 1186 904 prologo
1231 820 1588 904 significata
1632 839 1761 885 esse
1805 821 2072 898 videtur,
2118 821 2171 884 si
2206 821 2584 903 Antiphanis
2629 840 2812 902 paro-

511 920 650 986 diae
668 921 709 1004 ¹,
783 940 970 1003 quam
1017 921 1239 986 Nauck
1283 921 1460 1006 (Frg.
1505 923 1695 1004 Trag.
1738 941 1795 1004 p.
1821 922 1923 986 -29
1968 923 2087 1004 sq.)
2129 921 2453 986 arcessivit
2496 921 2813 986 indicante

513 1021 946 1100 Valckenario,
987 1023 1053 1086 in
1098 1023 1216 1089 hac
1256 1041 1322 1086 re
1361 1021 1512 1087 fides
1556 1021 1839 1088 habenda
1884 1023 1996 1088 est.

710 1123 828 1188 Sed
877 1123 1003 1188 scio
1048 1122 1196 1202 fore,
1245 1141 1398 1204 quos
1445 1143 1657 1188 morae
1698 1123 1970 1199 taedeat,
2015 1123 2161 1189 dum
2208 1124 2283 1189 de
2324 1123 2663 1189 recentiore
2682 1123 2813 1188 tra·

511 1224 732 1306 goedia
776 1223 1132 1306 disceptem,
1189 1243 1376 1306 quam
1424 1225 1497 1288 ut
1542 1225 1985 1308 gravissimam
2030 1226 2111 1290 ad
2162 1225 2525 1290 excolendas
2569 1224 2815 1290 fabulas

514 1326 852 1390 amatorias
910 1324 1167 1390 laudare
1226 1327 1443 1390 amant
1461 1329 1505 1390 ².
1596 1327 1836 1408 Negari
1880 1328 2098 1410 ‘nequit
2140 1326 2591 1392 Alexandrinos
2634 1344 2671 1390 a
2719 1343 2818 1388 re-

513 1426 782 1491 centiore
816 1427 1143 1509 tragoedia
1186 1427 1387 1492 multa
1434 1427 1788 1504 didicisse-³3
1833 1428 1938 1492 sed
1984 1428 2420 1511 praeterquam
2464 1426 2629 1510 quod
2675 1426 2819 1489 nul-

513 1528 634 1592 lius
667 1528 1026 1612 tragoediae
1069 1527 1320 1593 titulive
1361 1529 1595 1594 mentio
1645 1530 1863 1607 exstat,
1908 1530 1974 1593 in
2016 1549 2206 1613 quam
2252 1548 2363 1594 nos
2406 1529 2687 1594 animum
2719 1527 2819 1591 in-

512 1629 763 1694 tendere
829 1630 1132 1712 oporteat,
1199 1629 1334 1711 ipsa
1400 1630 1639 1696 incesta
1706 1631 2063 1696 fabularum
2131 1630 2426 1696 materia:
2493 1630 2819 1713 lymphata

513 1729 708 1796 libido
777 1731 1248 1814 effeminateque
1318 1731 1717 1810 debacchata,
1794 1751 1903 1797 nos
1962 1733 2152 1798 semel
2209 1735 2399 1815 atque
2452 1733 2679 1796 iterum
2738 1732 2819 1796 ad

513 1832 1080 1898 Alexandrinorum
1137 1835 1418 1915 tempora
1473 1834 1746 1899 revocat.
1823 1834 1917 1898 De
1961 1852 2226 1917 quorum
2268 1832 2609 1922 tragoediis
2654 1831 2820 1915 quod

513 1935 744 1998 scimus
816 1935 1223 2016 nostramque·
1270 1933 1693 2016 quaestionem
1764 1935 1995 2017 tangit,
2062 1935 2160 1999 his
2216 1953 2509 2017 perquam
2558 1933 2821 1998 modicis

515 2035 742 2101 finibus
789 2034 1328 2131 circumscriptum
1374 2035 1498 2100 est:
1565 2033 1836 2102 Ovidius
1881 2037 2326 2102 commemorat
2370 2033 2643 2118 Scyllam
2688 2035 2822 2098 tra-

716 2239 734 2270 ¹
773 2237 1063 2293 Macareus
1107 2237 1241 2292 vino
1294 2223 1607 2292 inebriatus
1664 2235 2027 2308 (παραλαβών
2065 2257 2197 2292 ποτε
2246 2238 2257 2306 Ι
2307 2239 2459 2293 οἶνον
2497 2231 2822 2307 στρατηγόν)

515 2346 764 2383 sororem
800 2327 1094 2397 oppressit,
1153 2326 1303 2394 quod
1341 2326 1606 2396 Myrrhae
1654 2344 1744 2380 me
1790 2327 2088 2396 admonet,
2148 2345 2290 2396 quae
2346 2326 2649 2380 secundum
2688 2345 2824 2381 non-

515 2418 699 2472 nullos
737 2421 991 2471 auctores
1031 2433 1155 2470 curn
1201 2415 1356 2469 ebrio
1400 2420 1562 2483 patre
1604 2415 1931 2470 concubuit:
1972 2419 2062 2468 καὶ
2097 2411 2386 2486 μεθύουσα
2424 2416 2583 2486 ἔρωτι
2614 2416 2823 2474 &vverde

515 2511 703 2579 μέθην
738 2499 904 2572 ἄλλην
940 2505 1251 2577 ἐπίκουρον,
1285 2509 1350 2559 ut
1386 2504 1735 2574 Nicephorus
1772 2505 1809 2559 l.
1850 2505 1885 2559 l.
1927 2508 2121 2560 narrat
2160 2503 2255 2574 (cf.
2297 2522 2467 2574 supra
2500 2522 2555 2574 p.
2594 2505 2705 2573 80).

719 2596 740 2628 ²
779 2595 860 2649 cf.
897 2594 1096 2650 Rohde
1132 2595 1169 2648 1.
1209 2595 1244 2649 1.
1281 2612 1337 2663 p.
1373 2596 1442 2648 35
1480 2612 1562 2663 sq.
1638 2594 1789 2648 Jahn
1814 2594 1982 2649 Arch.
2009 2594 2186 2648 Beitr.
2224 2611 2282 2662 p.
2308 2594 2413 2645 245
2439 2610 2521 2661 sq.
2592 2592 2825 2662 Dilthey

516 2684 622 2738 Rh.
661 2684 806 2738 Mus.
846 2682 1001 2737 XXV
1036 2701 1092 2752 p.
1137 2685 1253 2737 155.
1299 2685 1420 2737 157.

715 2772 738 2804 ⁸
780 2772 887 2840 Qui
926 2772 1317 2826 Chaeremonis
1355 2771 1675 2843 fragmenta
1711 2789 1744 2826 a
1778 2770 2075 2826 Bartschio
2114 2771 2206 2833 (de
2230 2769 2605 2825 Chaeremone
2628 2768 2823 2838 poeta)

517 2863 803 2918 illustrata
838 2880 1084 2931 unquam
1111 2862 1398 2930 tractavit,
1434 2863 1558 2929 scit,
1587 2879 1753 2931 quam
1779 2861 2099 2931 propinqua
2125 2860 2459 2931 cognatione
2480 2858 2822 2913 Chaeremon

409 2972 414 2975 ·
517 2951 926 3005 Alexandrinos
973 2954 1186 3020 poetas,
1243 2950 1443 3018 quibus
1503 2951 1601 3004 ille
1656 2950 1886 3003 minime
1945 2949 2172 3019 ignotus
2228 2948 2340 3003 fuit
2397 2947 2493 3017 (cf.
2530 2947 2594 3000 Β.
2651 2964 2707 3016 p.
2748 2946 2824 3015 9),

517 3041 791 3110 attigerit.
865 3041 932 3093 In
978 3040 1177 3094 duobis
1221 3040 1335 3093 illis
1373 3040 1677 3094 maioribus
1733 3039 2087 3110 fragmentis,
2147 3056 2291 3107 quae
2326 3036 2649 3091 Athenaeus
2688 3034 2824 3088 XIII

516 3145 570 3196 p.
611 3130 717 3181 608
756 3128 800 3181 Β
840 3132 897 3182 et
934 3128 984 3181 D
1022 3129 1268 3182 servavit
1305 3128 1400 3197 (cf.
1439 3128 1635 3182 Nauck
1670 3129 1707 3183 l.
1743 3129 1781 3182 l.
1819 3146 1875 3197 p.
1914 3130 2034 3183 606.
2076 3127 2223 3197 610),
2277 3142 2467 3180 omnes
2509 3124 2823 3179 formarum

518 3217 874 3271 muliebrium
911 3234 1140 3271 veneres
1195 3234 1260 3271 ac
1316 3218 1596 3272 lenocinia
1652 3217 1856 3272 vividis
1919 3216 2201 3271 coloribus
2264 3215 2670 3284 depinguntur,
2724 3211 2821 3282 qui

516 3323 693 3374 paene
729 3324 764 3360 a
799 3301 1110 3374 pictoribus
1149 3306 1359 3375 sumpti
1397 3300 1514 3361 esse
1551 3307 1816 3361 videntur
1854 3306 2095 3376 argutiis
2133 3304 2459 3359 facetissimi
2492 3303 2621 3356 salis
2647 3302 2822 3356 inter-

517 3396 702 3449 textis,
779 3395 1040 3450 Colorum
1076 3396 1380 3467 pigmentis
1418 3397 1676 3465 impertit
1711 3396 1807 3449 ille
1843 3396 2088 3450 orationi
2122 3394 2411 3449 facticium
2450 3391 2733 3461 quendam
2769 3394 2826 3445 et

519 3484 768 3539 fucatum
802 3484 1174 3554 splendorem,
1213 3485 1364 3553 quod
1400 3484 1639 3539 Bartsch
1679 3486 1755 3553 (p.
1782 3486 1872 3550 31)
1912 3501 1979 3537 ex
2016 3482 2263 3538 novandi
2304 3481 2489 3535 studio
2528 3480 2614 3533 illi
2653 3478 2827 3533 aetati

517 3574 747 3642 proprio
782 3574 1147 3643 repetendum
1190 3591 1306 3627 esse
1345 3578 1531 3628 censet
1575 3573 1783 3627 similia
1830 3574 1888 3625 in
1926 3572 2253 3640 aequalibus
2291 3570 2571 3639 detegens.
2644 3567 2823 3637 Frag-

517 3666 707 3716 menta
739 3665 928 3716 autem
966 3662 1038 3716 ad
1076 3662 1291 3730 epicam
1327 3662 1516 3730 potius
1555 3678 1726 3730 quam
1763 3661 1834 3714 ad
1875 3660 2244 3714 dramaticam
2279 3658 2556 3712 rationem
2610 3673 2821 3711 accom-

517 3751 746 3804 modata
782 3755 912 3804 sunt
949 3750 1038 3819 (cf.
1078 3750 1142 3803 B.
1180 3767 1234 3819 p.
1259 3751 1370 3819 28).
1430 3750 1687 3818 Denique
1721 3749 2085 3803 Aristotelem
2124 3748 2257 3802 audi
2294 3747 2459 3801 Rhet.
2496 3745 2596 3811 ΙΙΙ,
2639 3746 2722 3798 12.
2762 3745 2820 3796 2:

518 3833 874 3906 βαστάζονται
913 3839 976 3892 δὲ
1015 3842 1069 3891 οἱ
1101 3835 1521 3907 ἀναγνωστικοί,
1573 3834 1694 3893 οἷον
1734 3833 2058 3908 Χαιρήμων.
2120 3830 2396 3903 ἀκριβὴς
2432 3832 2557 3904 γὰρ
2598 3830 2824 3900 ὥσπερ

520 3921 955 3997 λογογράφος
1010 3926 1103 3996 (cf.
1140 3926 1400 3981 Welcker
1437 3928 1475 3980 l.
1514 3929 1551 3981 l.
1590 3946 1643 3996 p.
1688 3930 1824 3981 1082
1863 3926 1985 3996 sq.).
2028 3956 2088 3965 -
2130 3926 2254 3981 Uno
2305 3924 2557 3992 exemplo
2596 3922 2821 3975 demon-

520 4014 729 4079 strab0,
789 4032 898 4081 quo
943 4015 1068 4069 iure
1106 4016 1453 4071 Chaeremon
1495 4017 1564 4069 iis
1604 4015 1928 4070 auctoribus
1968 4016 2386 4081 adnumeretur,
2442 4011 2539 4081 qui
2582 4009 2715 4075 inde
2752 4008 2822 4063 ab

518 4103 793 4170 Euripide
830 4103 972 4157 alius
1001 4104 1142 4157 alius
1169 4104 1425 4175 vestigiis
1451 4105 1781 4159 institerint.
1831 4105 1977 4158 Nam
2002 4104 2335 4172 Euripidem
2362 4102 2599 4157 Penthei
2624 4118 2828 4154 nomen.

520 4192 839 4245 derivatum
877 4210 911 4245 a
957 4196 1166 4250 πένθος
1212 4194 1571 4248 denotantem
1631 4194 1851 4262 (Bacch.
1890 4194 2011 4247 367.
2052 4194 2180 4261 508)
2235 4192 2319 4246 ita
2367 4192 2629 4259 deinceps
2676 4189 2821 4244 exci-

517 4280 709 4349 piunt:
773 4279 1116 4334 Chaeremon
1163 4281 1273 4352 frg.
1311 4284 1348 4335 4
1386 4282 1454 4337 N.
1529 4282 1811 4339 Theocrit.
1850 4281 2052 4351 XXVI,
2108 4283 2194 4337 26.
2268 4280 2503 4353 Oppian.
2555 4277 2688 4350 Cyn.
2726 4275 2822 4347 IV,

520 4369 642 4427 305.
703 4367 886 4422 Nonn.
921 4369 1151 4442 Dionys.
1191 4372 1390 4443 XLVI,
1431 4376 1517 4431 73.
