3157 5028
1638 327 1708 379 76

516 499 626 565 ille
659 499 818 565 alias
862 501 1148 584 segessit
1191 501 1296 580 (cf.
1342 499 1462 584 frg.
1514 499 1637 565 129
1680 499 1801 563 inc.
1847 497 2013 563 XLa
2056 496 2140 562 M.
2184 496 2295 574 IV,
2340 494 2471 579 48).
2537 493 2819 574 Accedit,

519 600 685 684 quod
739 601 1163 684 fragmentum
1210 603 1290 667 63
1341 601 1534 684 auget
1590 599 2001 682 suspicionem
2053 618 2194 664 eum
2238 597 2566 680 Hippolyti
2611 596 2825 661 Velati

516 703 668 768 bene
720 722 989 786 gnarum
1041 703 1249 783 fuisse,
1317 704 1390 767 ut
1441 703 1508 766 in
1562 703 1767 784 priore
1820 699 2275 766 dissertationis
2334 700 2510 782 parte
2576 701 2659 780 (p.
2707 697 2819 778 27)

516 803 776 868 ostendi.
860 804 1186 886 Euripides
1229 804 1441 868 autem
1482 803 1613 885 ipse
1671 801 1940 866 similem
1983 801 2289 868 rationem
2336 798 2655 865 concludit
2696 798 2822 881 frg.

517 903 638 968 inc.
683 904 840 968 912:

855 1002 896 1091 ἡ
937 998 1134 1090 φύσις
1180 1003 1502 1086 ἐβούλεθ’,
1549 991 1592 1092 ᾗ
1630 995 1853 1085 νόμων
1896 993 2085 1068 οὐδὲν
2123 1001 2305 1085 μέλει
2327 1004 2366 1067 ¹.

717 1106 841 1172 Sed
886 1125 1038 1189 opus
1081 1107 1174 1172 est
1216 1106 1470 1172 tandem
1515 1105 1854 1188 aliquando
1884 1106 2257 1187 argumenta
2287 1103 2557 1169 breviter
2588 1103 2824 1168 astrin-

519 1226 694 1290 gere;
755 1225 900 1271 nam
947 1225 1089 1271 cum
1133 1225 1203 1272 ex
1245 1207 1753 1273 ornamentorum
1798 1205 2107 1271 coloribus
2154 1205 2525 1287 fabulaeque
2569 1204 2821 1283 natura,

520 1307 594 1372 de
625 1327 746 1391 qua
775 1327 842 1372 re
870 1307 1035 1374 infra
1079 1308 1398 1391 disseram,
1443 1307 1756 1373 efficiatur
1789 1305 2013 1372 Ovidio
2045 1306 2301 1389 aliquod
2326 1305 2819 1370 Alexandrinum

520 1409 830 1491 exemplar
857 1411 925 1474 in
954 1411 1247 1492 promptu
1275 1410 1482 1489 fuisse,
1527 1408 1693 1493 quod
1730 1409 1794 1472 in
1819 1408 2030 1474 Helvii
2056 1407 2290 1474 Cinnae
2311 1407 2578 1491 Smyrna
2606 1407 2822 1472 eodem

519 1510 653 1574 iure
695 1510 952 1573 sumunt
993 1509 1094 1591 (cf.
1141 1511 1354 1577 Rohde
1395 1512 1437 1577 1.
1480 1511 1520 1576 1.
1567 1531 1623 1593 p.
1673 1512 1813 1576 101.
1862 1511 1955 1594 1.),
2016 1510 2217 1575 oritur
2260 1509 2489 1574 iterum
2536 1509 2819 1592 quaestio

521 1611 798 1694 apprime
839 1611 1072 1697 gravis,
1118 1614 1367 1679 cuinam
1398 1611 1725 1695 Euripides
1758 1611 1990 1677 colores
2023 1611 2273 1675 mutuos
2316 1609 2583 1690 dederit3
2630 1629 2820 1693 quam

520 1734 764 1780 summa
809 1733 950 1780 cum
999 1715 1198 1797 specie
1241 1715 1371 1779 veri
1415 1713 1627 1779 eodem
1672 1711 1873 1791 modo,
1938 1728 2061 1794 quo
2114 1711 2179 1776 in
2225 1710 2523 1794 Byblidos
2582 1709 2821 1790 fabula,

508 1814 679 1900 ,solvi
702 1835 876 1898 posse
898 1815 1051 1882 mihi
1077 1816 1336 1880 constat.
1379 1815 1545 1880 Nam
1578 1813 1650 1878 ut
1693 1819 1932 1878 taceam
1977 1812 2053 1877 de
2095 1811 2507 1877 similitudine
2541 1811 2819 1876 colorum

523 1915 860 1981 admodum
903 1916 1124 1995 diluta,
1171 1917 1280 2000 qui
1323 1916 1402 1982 ad
1447 1915 1714 1998 priorem
1744 1914 2093 1980 Phaedram
2122 1912 2455 1978 revocandi
2488 1914 2654 1991 sunt,
2694 1931 2817 1977 non

523 2034 682 2099 nego
727 2015 862 2080 fieri
905 2018 1194 2098 potuisse,
1247 2017 1319 2083 ut
1348 2015 1609 2082 Ovidius
1652 2015 1716 2078 in
1760 2014 2118 2080 adornando
2161 2013 2271 2078 illo
2319 2012 2627 2095 colloquio
2654 2012 2822 2076 inter

522 2117 828 2182 nutricem
878 2117 941 2182 et
1001 2117 1321 2183 alumnam
1380 2117 1626 2200 tragico
1680 2115 2017 2198 exemplari
2078 2116 2386 2190 uteretur;
2458 2132 2819 2197 quanquam

519 2219 700 2301 poeta
743 2218 900 2284 alias
945 2237 1067 2283 non
1111 2217 1348 2283 veritus
1387 2220 1482 2282 est
1509 2219 1676 2282 totos
1707 2236 1919 2282 versus
1948 2217 2225 2300 integros
2267 2216 2589 2298 surripere,
2634 2214 2819 2299 quale

518 2319 758 2384 furtum
803 2320 1015 2385 nostro
1057 2319 1192 2384 loco
1225 2337 1350 2384 non
1381 2318 1877 2400 deprehenditur.
1927 2317 2047 2382 Sed
2077 2317 2150 2382 ut
2176 2317 2271 2382 vis
2302 2319 2463 2382 esto:
2496 2315 2647 2399 quin
2672 2315 2820 2380 Ale-

517 2421 806 2486 xandrini
837 2421 1188 2503 praeierint,
1232 2420 1491 2486 dubium
1523 2438 1652 2485 esse
1687 2418 1904 2502 nequit
1932 2417 2235 2483 Antonini
2263 2417 2569 2482 Liberalis
2606 2416 2820 2483 fabula

515 2521 786 2587 XXXIV
811 2523 892 2589 ad
919 2523 1446 2607 comparationem
1481 2523 1701 2587 vocata
1719 2525 1763 2587 2.
1834 2522 1950 2586 Ille
1982 2520 2146 2585 enim
2183 2519 2259 2585 de
2296 2519 2580 2603 Smyrna,
2628 2538 2817 2602 quam

516 2624 716 2702 vocat,
748 2624 898 2688 haec
924 2624 1234 2705 perhibet:
1277 2622 1515 2707 ταύτην
1542 2617 1651 2686 διὰ
1680 2620 1917 2698 κάλλος
1942 2620 2247 2685 πλεῖστοι
2289 2618 2399 2683 καὶ
2441 2616 2512 2683 ἐκ
2556 2612 2820 2683 πόλεων

515 2722 846 2788 πλείστων
875 2717 1283 2809 ἐμνήστευον,
1331 2722 1368 2811 ἡ
1410 2722 1483 2787 δὲ
1527 2716 1743 2788 πολλὰ
1788 2719 2146 2807 ἐμηχανᾶτο
2192 2715 2365 2802 πρὸς
2396 2711 2653 2803 άπάτην
2688 2721 2820 2783 τῶν

515 2822 756 2909 γονέων
799 2823 907 2888 καὶ
949 2815 1272 2891 οἷνάθεσιν
1314 2824 1430 2889 τοῦ
1476 2818 1739 2907 χρόνου·
1801 2818 2014 2900 δεινὸς
2054 2816 2173 2907 γὰρ
2219 2812 2426 2907 αὐτὴν
2472 2816 2643 2903 ἔρως
2686 2819 2820 2902 ἑξέ-

512 2948 710 3010 μηνεν
746 2925 860 2990 ἐπὶ
903 2929 997 3011 τῷ
1041 2926 1261 3009 πατρί.
1318 2925 1426 2990 καὶ
1473 2920 1639 2989 κατὰ
1682 2923 1801 3008 μὲν
1844 2920 2044 3007 ἀρχὰς
2087 2922 2169 2989 δι’
2202 2918 2368 2988 αἰδῶ
2416 2920 2818 3005 κατέκρυπτε

513 3023 632 3115 τὴν
678 3022 892 3106 νόσον,
943 3023 1094 3092 ἐπεὶ
1138 3028 1209 3092 δὲ
1252 3022 1328 3093 τὸ
1377 3022 1606 3105 πάθος
1646 3018 1849 3111 αὖτήν
1880 3011 2184 3115 προῆγεν,
2230 3025 2451 3107 ἐξεῖπε
2482 3019 2599 3091 τὸν
2624 3018 2820 3109 λόγον

517 3123 692 3210 πρὸς
728 3123 1119 3215 Ἱππολύτην
1159 3124 1276 3215 τὴν
1319 3123 1593 3217 τροφόν·
1639 3127 1679 3215 ἦ
1723 3126 1794 3195 δὲ
1837 3122 2256 3209 παραδώσειν
2288 3119 2451 3217 αὐτῇ
2490 3116 2652 3205 ἷίκος
2693 3126 2817 3192 τοῦ

517 3226 894 3317 παραλόγου
936 3232 1204 3311 πάθους
1246 3227 1665 3317 ὑποσχομένη
1710 3226 1904 3317 λόγον
1946 3228 2120 3313 πρὸς
2161 3228 2277 3296 τὸν
2311 3229 2589 3295 Θείαντα
2617 3252 2821 3313 προς-

517 3331 770 3420 έφερεν,
819 3328 922 3399 ὅτι
964 3334 1096 3399 κτλ.
1130 3372 1209 3383 —-
1241 3336 1330 3401 Ut
1375 3336 1809 3419 cognoscatur,
1856 3333 2006 3417 quid
2050 3334 2115 3398 in
2166 3334 2282 3398 hac
2331 3332 2597 3414 epitome
2638 3351 2820 3414 para-

518 3438 774 3520 phrasta
805 3438 1110 3517 reciderit,
1157 3438 1340 3521 aequi
1385 3438 1607 3503 iudicii
1650 3456 1846 3503 unum
1890 3437 2006 3501 hoc
2052 3436 2188 3515 erit,
2234 3435 2307 3499 ut
2349 3433 2429 3499 ad
2472 3433 2697 3499 similis
2726 3433 2821 3498 fa-

719 3742 739 3773 ¹
777 3741 868 3795 Ad
906 3744 1216 3795 extremum
1254 3739 1450 3794 laudat
1487 3738 1716 3807 Myrrha
1762 3743 1975 3809 genteS,
2025 3738 2085 3791 in
2133 3736 2335 3806 quibus
2386 3734 2549 3790 ‘nata
2596 3736 2821 3804 parenti

519 3826 794 3901 iungitur'
837 3848 888 3883 v.
913 3831 1018 3883 332
1053 3846 1151 3898 sq.,
1192 3829 1341 3897 quod
1379 3828 1448 3883 de
1484 3828 1774 3882 Chaldaeis
1813 3831 1869 3881 et
1894 3826 2210 3899 Magusaeis
2236 3824 2391 3879 Sotio
2416 3823 2604 3895 (Diog.
2630 3824 2820 3879 Laert.

517 3919 561 3988 1,
599 3918 656 3987 7)
697 3922 752 3972 et
789 3918 1132 3973 Bardesanes
1169 3916 1390 3983 (Euseb.
1411 3914 1613 3985 Praep.
1656 3916 1753 3969 Ev.
1782 3916 1876 3978 VI,
1919 3918 1985 3967 10
2022 3914 2053 3981 ξ
2084 3914 2177 3983 21)
2218 3914 2519 3967 memoriae
2554 3913 2818 3983 produnt.

521 4006 808 4077 Originem
843 4007 982 4060 talia
1019 4006 1221 4059 ducere
1259 4008 1566 4073 potuerunt
1605 4022 1673 4059 ex
1711 4003 1981 4058 fabulosis
2018 4001 2329 4056 itinerariis
2366 4001 2460 4071 (cf.
2487 4002 2685 4055 Rohde
2720 4002 2757 4056 1.
2784 4003 2819 4055 l.

518 4113 574 4164 p.
613 4096 734 4148 240.
781 4098 862 4162 1.).
2307 4151 2316 4160 ‚

721 4185 741 4215 ²
778 4183 996 4237 Nomen
1049 4182 1295 4237 auctoris
1345 4182 1613 4251 descripti
1660 4180 1998 4251 epitomator
2054 4180 2217 4248 celat,
2275 4180 2426 4249 quod
2480 4195 2818 4250 magnopere

520 4272 680 4342 queri
716 4272 869 4326 libet.
937 4272 1385 4327 Alexandrinum
1430 4290 1558 4327 eum
1608 4289 1724 4327 esse
1770 4289 1931 4325 nemo
1972 4270 2231 4341 negabit3
2290 4271 2351 4324 in
2390 4287 2559 4339 quam
2597 4273 2811 4323 senten-

519 4361 661 4415 tiam
701 4378 832 4414 mox
869 4361 1034 4429 plura
1064 4361 1437 4430 proferentur.
