3157 5028
1620 377 1689 432 52

495 557 659 625 Cave
708 557 939 640 autem,
985 574 1061 621 ne
1106 574 1175 620 ex
1223 554 1407 620 meris
1450 554 1754 632 frustulis,
1826 572 1985 636 quae
2030 553 2401 636 compilator
2448 554 2623 638 legit,
2668 555 2803 620 tra-

494 659 784 742 goediam
825 656 1101 722 effictam
1147 673 1276 720 esse
1317 654 1651 720 concludas
1684 656 1720 718 ¹.

692 762 765 826 In
815 758 1056 843 Hygini
1109 757 1473 822 brevissima
1535 755 1894 845 narratione
1946 755 2017 834 (f.
2070 754 2180 835 47)
2232 755 2297 820 id
2360 757 2626 822 maxime
2683 777 2802 822 no-

489 865 632 930 tatu
673 863 956 945 dignum,
1003 858 1168 941 quod
1213 857 1546 922 criminosa
1580 857 1897 922 Phaedrae
1939 855 2203 938 epistula
2234 859 2798 924 commemoratur:

490 959 809 1029 ‘Phaedra
849 961 1079 1026 Minois
1122 960 1252 1024 filia
1299 959 1518 1023 Thesei
1561 977 1717 1022 uxor
1760 958 2173 1042 Hippolytum
2217 958 2574 1041 privignum
2613 979 2799 1024 suum

493 1065 833 1131 adamavit.
922 1063 1119 1144 Quem
1165 1080 1304 1125 cum
1353 1079 1475 1124 non
1525 1061 1828 1142 potuisset
1868 1059 1946 1124 ad
1986 1079 2164 1124 suam
2208 1059 2537 1142 perducere
2574 1061 2799 1126 volun-

490 1166 716 1244 tatem,
784 1163 1047 1229 tabellas
1110 1162 1372 1244 scriptas
1431 1161 1510 1226 ad
1560 1163 1766 1226 virum
1834 1179 2014 1225 suum
2083 1161 2255 1225 misit
2310 1180 2373 1226 se
2424 1162 2503 1226 ab
2560 1161 2795 1244 Hippo·

489 1269 621 1352 lyto
667 1283 1075 1347 compressam
1117 1282 1246 1327 esse
1289 1281 1472 1344 seque
1504 1262 1654 1342 ipsa
1700 1262 2027 1344 suspendio
2079 1252 2373 1327 necavit'.
2442 1262 2795 1345 Epistulam

489 1369 690 1451 igitur
740 1365 1034 1431 morienti
1077 1362 1393 1428 Phaedrae
1441 1363 1740 1428 adnexam
1791 1381 1915 1427 non
1970 1363 2213 1428 novisse
2270 1363 2535 1446 videtur,
2600 1365 2663 1428 in
2723 1383 2794 1430 eo

490 1469 783 1534 videlicet
825 1487 863 1532 a
913 1465 1148 1530 Graeco
1209 1464 1421 1546 aliquo
1469 1463 1802 1545 exemplari
1860 1463 2146 1546 penden8‚
2215 1465 2290 1527 ut
2328 1463 2655 1530 Plutarchi
2708 1466 2796 1529 si-

491 1570 658 1636 milis
722 1567 993 1633 brevitas
1069 1565 1266 1629 vincit
1348 1564 1580 1630 Parall.
1652 1565 1810 1629 34a:
1902 1565 2018 1651 τῆς
2085 1561 2157 1628 δὲ
2228 1561 2679 1648 προαιρέσεως
2749 1563 2793 1650 ἦ

487 1663 762 1755 ἀσελγής
821 1658 1241 1745 ἀποτυχοῦσα
1294 1663 1568 1748 ψευδεῖς
1622 1658 1785 1727 κατὰ
1846 1666 1966 1729 τοῦ
2026 1659 2377 1751 σώφρονος
2442 1661 2795 1742 ἐπιστολὰς

489 1765 756 1854 ἐχάραξε
793 1767 901 1832 καὶ
941 1761 1161 1852 βρόχῳ
1206 1760 1280 1829 τὸ
1326 1766 1434 1852 ζῆν
1476 1755 1818 1851 ἀνήρτησε.
1910 1766 2250 1831 Coroniferi
2297 1767 2504 1832 locum
2549 1769 2793 1832 subesse

489 1873 659 1956 puto,
703 1889 825 1953 quo
872 1868 1305 1950 compilatores
1345 1868 1484 1950 plus
1529 1868 1719 1931 semel
1763 1886 1905 1932 usos
1953 1887 2080 1932 esse
2120 1868 2362 1932 ostendi
2400 1889 2455 1934 v.
2485 1869 2646 1933 1310
2668 1889 2792 1952 sq.:

887 1960 931 2054 ἢ
975 1968 1030 2033 δ’
1078 1962 1174 2045 εἷς
1220 1963 1481 2050 ἔλεγχον
1523 1961 1613 2055 μὴ
1658 1966 1830 2054 πέσῃ
1877 1966 2252 2054 φοβουμένη

886 2069 1163 2155 ψευδεῖς
1205 2068 1456 2154 γραφὰς
1499 2065 1750 2154 ἔγραψε
1797 2071 1904 2134 καὶ
1947 2069 2217 2134 διωλεσε

884 2165 1137 2235 δόλοισι
1185 2164 1304 2234 σὸν
1347 2168 1530 2233 παῖδ’
1580 2169 1715 2233 κτλ.

484 2277 608 2342 Hic
652 2275 852 2358 igitur
894 2271 1160 2354 epistula
1203 2271 1352 2334 item
1397 2273 1723 2353 separatur
1767 2292 1803 2337 a
1848 2273 2215 2355 suspendio„
2285 2273 2404 2339 Sed
2450 2272 2639 2338 etiam
2692 2272 2790 2336 ul-

485 2377 680 2442 terius
727 2373 1013 2458 progredi
1057 2373 1235 2448 licet3
1281 2391 1425 2435 nam
1473 2372 1535 2435 ni
1584 2372 1769 2437 fallor
1814 2373 2129 2439 fabulator
2160 2375 2503 2440 Romanus
2524 2374 2683 2456 legit
2723 2374 2786 2437 in

485 2479 765 2545 derivato
811 2475 1021 2559 aliquo
1067 2474 1428 2557 exemplari:
1476 2467 1829 2553 ἐπιστολὰς
1871 2473 2260 2556 ἐπέστειλεν,
2307 2475 2469 2541 unde
2512 2475 2629 2542 sibi
2674 2475 2785 2539 fin-

483 2580 574 2644 xit
632 2579 898 2643 tabellas
956 2576 1191 2641 missas,
1283 2570 1592 2641 Etenim‘
1610 2596 1769 2659 quae
1830 2578 2159 2642 morientes
2212 2577 2495 2643 facienda
2552 2578 2791 2660 praeci-

480 2681 681 2763 piunt,
727 2680 838 2743 illa
875 2678 1169 2743 dicuntur
1201 2678 1420 2742 eximie
1450 2678 1700 2759 quidem
1734 2675 2117 2764 ἐπισκῆψαι,
2152 2678 2257 2743 sed
2287 2679 2350 2743 et
2374 2666 2770 2741 ἐπιστεῖλαί
2773 2727 2788 2756 ,

482 2781 556 2844 ut
600 2780 983 2844 Valckenaer
1049 2778 1155 2859 (ad
1213 2778 1361 2843 Eur.
1420 2778 1566 2860 Hip.
1631 2776 1780 2861 858)
1846 2779 2134 2861 exemplis
2202 2780 2373 2843 nisus
2440 2780 2787 2844 adnotavit.

479 2880 817 2945 Accusatio
873 2882 1082 2944 autem
1141 2899 1207 2943 re
1263 2899 1410 2944 vera
1469 2881 1807 2945 extremum
1866 2880 2189 2944 morientis
2236 2880 2555 2945 Phaedrae
2612 2899 2789 2944 man-

477 2982 700 3046 datum
747 2981 881 3046 erat
904 2983 947 3045 2.
1017 2980 1234 3062 Neque
1275 2980 1340 3044 id
1385 2981 1923 3062 praetereundum,
1973 2980 2137 3063 quod
2169 2982 2459 3064 Hyginus
2492 2980 2789 3063 expressis

477 3082 680 3146 verbis
726 3080 881 3145 dicit
933 3080 1239 3144 Theseum
1285 3080 1486 3144 filium
1532 3082 1599 3145 in
1644 3082 1925 3147 exsilium
1972 3082 2236 3147 eiecisse.

683 3183 774 3245 De
805 3180 1130 3245 Plutarchi
1159 3180 1271 3245 illo
1304 3180 1619 3245 Parallelo
1666 3182 1822 3245 nihil
1869 3182 2022 3247 certi
2066 3182 2383 3247 affirmare
2424 3182 2591 3247 licet.
2660 3183 2783 3247 Ta-

478 3282 678 3348 bellae
723 3299 832 3345 nos
877 3280 1162 3346 servatae
1205 3280 1534 3364 Hippolyti
1584 3282 2175 3367 commonefaciunt3
2225 3284 2293 3347 at
2336 3302 2558 3348 scaena
2590 3284 2786 3347 Athe-

477 3383 574 3446 nis
629 3386 739 3461 est,
808 3401 946 3447 cum
1000 3381 1242 3446 iuvenis
1303 3382 1508 3464 spreto
1564 3401 1865 3448 novercae
1920 3403 2129 3449 amore
2183 3384 2283 3449 hic
2326 3404 2433 3467 per
2478 3385 2782 3451 nutricem

476 3483 754 3549 indicato
818 3484 1102 3548 Athenas
1165 3483 1415 3565 linquat
1486 3485 1547 3548 et
1616 3484 1921 3550 Troezene
1986 3485 2265 3550 venando
2334 3486 2534 3551 otium
2597 3485 2783 3550 terat.

475 3582 745 3650 Stobaeo
811 3585 1084 3658 auctore,
1151 3585 1258 3667 qui
1325 3585 1639 3668 integram
1701 3586 2081 3652 narrationis
2146 3586 2417 3651 formam
2472 3586 2712 3651 exhibet
2738 3588 2781 3668 ³,

477 3803 574 3871 qui
615 3808 780 3859 antea
826 3807 897 3873 (p.
935 3805 1064 3873 449)
1115 3822 1229 3858 non
1273 3804 1456 3858 minus
1504 3804 1793 3859 evidenter
1828 3804 2139 3875 Euripideo
2173 3806 2603 3861 Phoenissarum
2650 3820 2778 3873 pro-

473 3892 603 3961 logo
641 3892 713 3947 ad
750 3894 1145 3948 illustrandum
1175 3894 1488 3948 Diodorum
1524 3893 1625 3956 ΙΙΙ,
1666 3897 1737 3947 64
1773 3912 1902 3947 usus
1941 3900 2078 3949 erat.

683 3980 724 4015 ¹
743 3981 822 4036 Of.
862 3983 1128 4037 Wheeler
1168 3981 1311 4035 1.1.·
1371 3980 1508 4037 ‘Sed
1557 3982 1789 4036 minime
1836 3983 2079 4051 quadrat
2125 3983 2183 4036 in
2228 3984 2481 4035 nostram
2528 3979 2779 4034 fabulam

477 4068 713 4123 Diodori
751 4072 1023 4133 narratiO,
1065 4071 1254 4139 aliqua
1291 4088 1357 4125 ex
1393 4076 1555 4140 parte
1592 4076 1746 4125 certe
1782 4071 1842 4124 in
1882 4089 1968 4139 ea,
2001 4089 2145 4141 quae
2181 4071 2251 4125 de
2285 4070 2487 4125 Velato
2524 4064 2777 4123 scimus‘.

681 4158 703 4191 ²
741 4158 822 4212 cf.
865 4158 1000 4214 Eur.
1039 4159 1171 4228 Hip.
1207 4160 1312 4213 858
1351 4177 1450 4228 sq,
1497 4160 1598 4213 ubi
1633 4160 1876 4213 Theseus
1914 4160 2078 4215 haec:

968 4243 1084 4300 ἀλλ’
1124 4240 1158 4313 ἦ
1194 4250 1388 4318 λέχους
1421 4268 1522 4319 μοι
1557 4251 1651 4300 καὶ
1686 4252 1895 4302 τέκνων
1931 4246 2224 4308 ἐπιστολὰς

969 4336 1220 4407 ἔγραψεν
1255 4334 1288 4403 ἡ
1327 4330 1592 4403 δύστηνος
1626 4337 2009 4409 ἐξαιτουμένης

672 4426 694 4455 ³
733 4424 882 4478 Flor.
921 4425 1006 4478 64.
1045 4427 1142 4495 383
1178 4425 1372 4481 laudat
1408 4425 1693 4496 Zopyrum
1730 4426 1793 4481 ἐν
1826 4421 1880 4495 γ’
1908 4426 2193 4493 Θησηΐδος.
2256 4425 2478 4481 Lobeck
2505 4420 2773 4494 Aglaoph.
