3157 5028
1646 363 1749 418 110

543 533 928 601 Historiolae
994 538 1332 617 exordium,
1400 537 1709 620 quomodo
1763 537 1986 602 mulier
2040 536 2239 620 primo
2284 536 2577 602 resistens
2622 536 2848 602 sensim

542 636 1106 722 pedetemptimque
1146 639 1395 704 libidini
1442 657 1665 704 manus
1708 639 1831 716 det,
1888 638 2041 704 adeo
2086 638 2361 704 concinit
2404 656 2545 702 cum
2594 637 2849 721 reliquis

543 735 772 802 fabulis
827 739 1346 818 commemoratis,
1394 740 1467 803 ut
1511 739 1797 821 suspicio,
1845 757 2031 820 quam
2081 757 2221 802 mox
2266 737 2394 802 alia
2437 739 2679 804 ratione
2724 737 2851 801 ful-

546 838 727 917 ciam,
788 839 955 904 ultro
1010 858 1074 905 se
1119 840 1339 904 offerat
1393 841 1526 906 tam
1576 838 1739 903 hanc
1778 839 2058 904 fabulam
2108 857 2140 902 e
2186 837 2440 903 Graecis
2485 839 2853 920 exemplari-

541 940 680 1004 bus.
711 939 1028 1006 sublatam
1089 960 1218 1006 esse
1291 960 1481 1023 quam
1547 940 1821 1022 reliquas
1864 939 1927 1003 id
1972 959 2168 1022 genus
2214 940 2603 1006 narrationes
2652 939 2853 1005 Meta-

542 1041 951 1122 morphoseon
995 1041 1170 1106 libris
1210 1041 1552 1120 admixtas3
1596 1059 1779 1122 quem
1824 1039 1903 1104 ad
1949 1040 2200 1104 modum
2248 1042 2467 1105 auctor
2510 1041 2640 1123 ipse
2683 1039 2852 1122 operi

541 1142 895 1224 praefatur:
935 1139 953 1164 ‘
977 1144 1045 1206 at
1088 1160 1202 1226 ego
1244 1143 1362 1207 tibi
1407 1161 1690 1208 sermone
1731 1141 1854 1207 isto
1902 1130 2147 1205 Milesio
2176 1142 2385 1206 varias
2428 1141 2671 1206 fabulas
2702 1160 2852 1207 con-

543 1243 830 1308 seram'1.
897 1262 981 1287 ·—
1047 1243 1239 1308 Porro
1297 1244 1578 1325 sequitur
1620 1243 1701 1322 (c.
1749 1241 1902 1322 111):
1962 1235 2165 1324 ‘Ergo
2211 1242 2411 1324 igitur
2453 1242 2851 1324 impatientia

541 1343 768 1409 furoris
812 1343 1004 1408 altius
1047 1344 1293 1426 agitata
1326 1343 1643 1407 diutinum
1678 1342 1848 1424 rupit
1886 1343 2206 1407 silentium
2231 1345 2257 1381 ²
2300 1343 2365 1408 et
2406 1343 2487 1408 ad
2530 1362 2594 1407 se
2638 1343 2849 1408 vocari

541 1443 843 1526 praecipit
885 1444 1103 1510 filium.
1191 1445 1370 1527 Quod
1415 1463 1638 1510 nomen
1682 1445 1749 1508 in
1794 1443 1983 1527 eo,-si
2028 1444 2289 1525 posset³,
2332 1463 2408 1509 ne
2451 1445 2692 1509 ruboris
2736 1445 2851 1510 ad-

544 1547 916 1624 moneretur,
987 1546 1253 1612 libenter
1298 1546 1596 1612 eraderet.
1686 1545 1818 1610 Nec
1879 1545 2237 1611 adulescens
2294 1564 2519 1628 aegrae
2572 1545 2850 1627 parentis

545 1647 823 1712 moratus
878 1647 1229 1728 imperium,
1286 1649 1465 1714 senili
1520 1647 1781 1712 tristitie
1826 1646 2116 1712 striatam
2164 1665 2383 1730 gerens
2426 1647 2693 1710 frontem
2739 1665 2850 1711 cu-

542 1748 822 1814 biculum
885 1751 1043 1832 petit
1096 1751 1302 1816 uxoris
1363 1751 1562 1833 patris
1606 1749 1952 1833 matrisque
1993 1749 2229 1824 fratriS,
2292 1749 2632 1829 utcumque
2674 1746 2850 1812 debi-

542 1851 677 1916 tum
723 1852 947 1916 sistens
995 1851 1355 1934 obsequium
1369 1839 1412 1917 ’ζ
1495 1852 1585 1916 Ex
1649 1851 1876 1916 tetrico
1936 1851 2178 1916 iuvenis
2243 1850 2424 1914 vultu
2468 1849 2850 1932 Hippolytus

545 1953 797 2035 eiusque
859 1953 1105 2017 animus
1157 1952 1374 2030 tristis
1416 1955 1478 2018 et
1534 1953 1959 2018 intractabilis
2004 1951 2171 2034 (Sen.
2218 1952 2369 2025 271)
2413 1951 2707 2015 continuo
2752 1968 2851 2015 re-

546 2053 960 2136 cognoscitur.
1049 2053 1258 2137 Atque
1302 2057 1374 2119 ut
1425 2074 1691 2120 noverca
1736 2055 1839 2118 hic
1882 2054 2015 2132 filii;
2063 2055 2153 2118 sic
2200 2052 2484 2118 Phaedra
2528 2051 2693 2134 apud
2738 2051 2849 2116 Se-

546 2173 762 2226 necam
805 2172 861 2217 v.
914 2154 1037 2217 609
1102 2155 1322 2220 matris
1387 2156 1719 2238 superbum
1782 2173 2005 2220 nomen
2066 2154 2332 2218 libenter
2386 2154 2635 2234 deleret,
2700 2152 2849 2234 quia

545 2256 898 2320 maternum
942 2254 1190 2319 libidini
1235 2257 1461 2321 obstat.
1547 2256 1716 2321 Dum
1759 2275 1904 2321 vero
1962 2254 2131 2320 istud
2188 2249 2204 2274 ‘
2226 2255 2582 2320 cubiculum
2641 2255 2849 2319 uxoris

548 2356 742 2438 patris
785 2355 1128 2438 matrisque
1155 2347 1400 2422 fratris'
1429 2357 1695 2438 intueor,
1741 2357 2050 2422 nutricem
2081 2357 2267 2422 audio
2294 2355 2647 2422 Phaedram
2678 2373 2849 2420 com-

547 2457 882 2541 pellantem
929 2458 1069 2524 Sen.
1119 2458 1232 2522 171
1277 2477 1368 2541 sq.
1416 2457 1522 2533 (cf.
1570 2476 1759 2540 supra
1805 2478 1862 2541 p.
1916 2457 2049 2539 74):

945 2559 1201 2624 miscere
1242 2558 1555 2625 thalamos
1598 2559 1795 2641 patris
1841 2560 1902 2624 et
1946 2559 2081 2626 nati
2124 2579 2390 2642 apparas

947 2661 1244 2742 uteroque
1289 2660 1520 2741 prolem
1567 2678 1783 2742 capere
1824 2660 2145 2725 confusam
2186 2660 2421 2743 impio?

746 2762 883 2827 Iam
929 2762 1115 2825 velim
1161 2781 1250 2839 ea,
1297 2780 1456 2844 quae
1498 2764 1862 2844 sequuntur,
1906 2763 2257 2844 perattente
2298 2764 2501 2847 legas:
2541 2762 2697 2829 ‘Sed
2737 2763 2849 2829 illa

549 2850 872 2929 cruciabili
928 2862 1176 2927 silentio
1236 2862 1586 2927 diutissime
1641 2862 1914 2945 fatigata
1973 2864 2035 2927 et
2097 2865 2169 2928 ut
2232 2865 2294 2927 in
2358 2865 2632 2948 quodam
2688 2866 2849 2941 vado

549 2962 961 3027 dubitationis
1023 2964 1279 3028 haerens
1353 2982 1532 3028 omne
1598 2965 1884 3045 verbum,
1964 2964 2128 3046 quod
2194 2966 2505 3046 praesenti
2581 2966 2849 3031 sermoni

550 3063 814 3147 putabat
869 3064 1282 3146 aptissimum,
1348 3083 1596 3131 rursum
1662 3064 2038 3146 improbans,
2106 3066 2369 3130 nutante
2430 3066 2621 3132 etiam
2685 3086 2851 3132 nunc

549 3165 800 3247 pudore,
868 3164 1030 3230 unde
1091 3164 1484 3247 potissimum
1550 3167 1797 3247 caperet
1863 3166 2177 3231 exordium
2249 3166 2675 3233 decunctatur.
2766 3168 2853 3232 At

548 3266 790 3331 iuvenis
854 3264 1006 3329 nihil
1075 3266 1266 3330 etiam
1328 3265 1480 3330 tunc
1543 3266 1791 3349 sequius
1856 3267 2205 3349 suspicatus
2267 3268 2596 3334 summisso
2669 3269 2852 3333 vultu

550 3367 736 3450 rogat
795 3366 960 3431 ultro
1015 3367 1355 3448 praesentis
1410 3385 1629 3433 causas
1682 3368 2112 3451 aegritudinis.
2201 3368 2379 3434 Tunc
2446 3370 2557 3434 illa
2620 3373 2851 3436 nancta

550 3467 906 3533 solitudinis
969 3467 1335 3533 damnosam
1404 3469 1787 3533 occasionem
1850 3469 2198 3552 prorumpit
2260 3470 2327 3533 in
2394 3471 2722 3536 audaciam
2790 3472 2851 3535 et

753 3688 772 3720 ¹
811 3687 892 3741 Cf.
931 3688 1129 3742 Rohde
1165 3687 1468 3743 Verhandl.
1506 3688 1566 3743 d.
1603 3686 1777 3742 XXX.
1816 3687 1969 3742 Vers.
2011 3688 2065 3741 d.
2104 3688 2382 3760 Philolog.
2423 3707 2479 3758 p.
2517 3691 2603 3743 61.

752 3776 775 3809 ²
809 3776 1031 3831 Nutrici
1069 3776 1399 3844 famulaeve,
1437 3794 1627 3832 coram
1656 3795 1767 3845 qua
1791 3777 1993 3831 mulier
2026 3778 2311 3832 silentium
2348 3796 2609 3848 rumpere
2644 3782 2851 3847 posset,

553 3868 714 3933 aptus
751 3864 848 3917 hic
883 3864 1036 3919 locus
1073 3865 1212 3933 fuit3
1252 3865 1442 3934 quales
1478 3869 1669 3935 partes
1706 3882 1768 3922 re
1804 3882 1941 3919 vera
1965 3864 2025 3917 in
2048 3866 2333 3935 plerisque
2360 3866 2637 3921 similibus
2667 3884 2850 3921 exem·

549 3954 660 4023 plis
695 3957 946 4007 servatas
984 3954 1245 4008 vidimus.

751 4042 774 4074 ³
816 4041 908 4097 Sic
959 4060 1084 4097 cum
1123 4042 1344 4097 Rohdio
1399 4042 1532 4112 (Rh.
1569 4042 1713 4096 Mus.
1750 4042 1911 4096 XXX
1947 4060 2003 4111 p.
2043 4042 2169 4111 277)
2233 4042 2617 4112 scribendum3
2682 4043 2853 4111 quod,

551 4147 874 4200 quanquam
919 4148 1033 4185 non
1083 4130 1225 4184 bene
1275 4131 1344 4185 ad
1381 4149 1601 4185 sensum
1640 4132 1853 4188 dictum
1891 4136 1993 4195 est,
2042 4131 2295 4186 codicum
2335 4131 2577 4185 litteras:
2633 4129 2721 4185 ‘in
2758 4150 2851 4186 eos

551 4220 674 4289 ipos
721 4216 840 4273 sed’
894 4220 1037 4274 bene
1081 4220 1286 4275 reddit.
1364 4220 1752 4288 Eyssenhardt
1795 4220 1856 4273 in
1912 4210 2133 4275 tentum
2178 4221 2415 4289 recepit:
2476 4218 2490 4237 ‘
2511 4222 2582 4273 in'
2618 4238 2681 4274 eo
2729 4223 2849 4290 ipso

553 4304 698 4377 sed’‚
737 4308 888 4376 quod
929 4309 1155 4362 omnino
1193 4326 1357 4363 sensu
1397 4326 1614 4362 cassum
1640 4314 1739 4363 est.
1796 4308 2159 4377 Oudendorp:
2197 4307 2289 4362 ‘in
2326 4327 2390 4364 eo
2430 4310 2551 4378 ipso
2590 4305 2849 4363 scilicet’.

552 4396 660 4450 Sed
699 4397 955 4451 voculam
990 4393 1158 4465 ‘ipso‘
1201 4397 1586 4451 lubentissime
1624 4398 1919 4466 propellas,
