3157 5028
1494 367 1563 423 95

367 540 723 608 similitudo
786 533 1344 626 tergiversantibus
1418 543 1630 607 omnia
1693 541 2077 606 deverticula
2140 540 2524 606 intercludit.
2593 575 2677 586 —

371 641 814 722 Quaestionem
859 645 1068 710 autem
1113 645 1310 721 illam,
1378 645 1592 708 utrum
1635 644 1817 726 poeta
1863 641 2183 707 bucolicus
2228 643 2379 707 haec
2422 643 2501 707 ab
2543 642 2677 724 ipso

367 743 640 825 tragico
661 743 1127 827 deprompserit,
1193 764 1274 810 an
1331 744 1441 809 alii
1499 745 1781 810 auctores
1849 743 2329 822 intercesserint,
2398 742 2567 807 haud
2612 743 2678 807 in

371 861 604 926 magno
675 845 959 926 equidem
1023 865 1251 928 ponam
1311 845 1685 909 discrimine.
1800 842 2244 925 comprobasse
2317 841 2517 925 pluris
2589 844 2683 909 est

374 943 620 1010 fluxisse
675 945 834 1010 talia
891 946 970 1010 ab
1024 947 1356 1028 Euripidea
1412 946 1580 1028 poesi
1640 949 1701 1010 et
1753 945 2054 1027 dissipata
2118 944 2307 1009 fuisse
2374 946 2545 1023 ade0,
2612 946 2685 1009 ut

375 1047 592 1128 poetae
633 1047 1016 1111 carminibus
1060 1047 1398 1112 nescientes
1435 1046 1647 1130 'aliena
1697 1046 2063 1111 ornamenta
2119 1063 2228 1128 pro
2291 1047 2419 1110 suis
2480 1046 2685 1113 inclu-

377 1148 592 1212 derent
649 1147 1025 1228 discrimine,
1094 1150 1166 1213 ut
1229 1149 1592 1233 plerumque
1653 1148 1747 1222 fit,
1812 1149 1976 1213 inter
2028 1149 2303 1215 diversas
2357 1149 2685 1234 Hippolyti

373 1249 622 1314 fabulae
664 1250 1044 1314 recensiones
1086 1249 1346 1316 remote.

573 1349 780 1415 Simili
823 1351 1064 1416 ratione
1109 1351 1416 1433 tanquam
1466 1351 1718 1416 vincula
1762 1349 1951 1415 alieni
1993 1351 2242 1416 arbitrii
2275 1351 2487 1416 laxata
2516 1352 2681 1434 sunt,

375 1470 413 1514 a
458 1470 580 1534 quo
627 1451 962 1516 nonnullae
1005 1450 1256 1542 fabulae
1300 1451 1639 1518 maximam
1699 1452 1940 1534 partem
1998 1451 2063 1514 in
2107 1451 2433 1516 Parthenii
2474 1452 2683 1517 libello

373 1551 648 1617 traditae
690 1553 851 1618 inter
892 1552 1260 1618 illicitorum
1306 1571 1591 1618 amorum
1637 1552 2023 1618 narrationes
2054 1552 2507 1618 Alexandrinas
2536 1556 2715 1636 pen-'

377 1653 552 1729 dent3
619 1672 792 1737 quaS,
860 1655 1165 1736 quantum
1215 1652 1296 1717 de
1340 1654 1576 1736 pudore
1620 1653 1869 1719 libidini
1916 1653 2266 1720 occultatae
2309 1654 2543 1720 frustra
2586 1675 2686 1720 re-

375 1754 658 1820 luctante
700 1756 763 1820 et
807 1755 880 1820 de
925 1754 1181 1820 alterius
1247 1741 1542 1836 personae
1605 1754 1850 1820 crimini
1916 1755 2284 1836 opitulantis
2346 1755 2683 1822 intercessu

375 1858 609 1941 agitur,
655 1857 734 1922 ad
779 1856 1034 1922 eandem
1081 1875 1364 1922 normam
1407 1856 1599 1938 atque
1642 1856 1805 1934 illas,
1852 1856 1927 1920 de
1969 1856 2191 1938 quibus
2221 1857 2405 1921 modo
2438 1858 2685 1923 locutus

377 1981 534 2042 sum,
578 1961 671 2026 ita
715 1961 1091 2044 compositas
1134 1979 1280 2038 esse,
1336 1960 1410 2023 ut
1455 1959 1646 2023 etiam
1692 1957 2061 2040 Euripideae
2103 1957 2423 2023 Phaedrae
2466 1960 2685 2024 aucto-

377 2061 532 2126 ritas
584 2061 724 2143 plus
781 2062 986 2126 minus
1039 2061 1414 2140 intermicet,
1472 2058 1776 2141 extemplo
1822 2059 2153 2140 perspicias
2182 2061 2221 2123 ¹.
2291 2095 2369 2103 —
2434 2063 2682 2144 Agmen

377 2162 568 2230 ducat
609 2159 1078 2248 HermesianaX,
1145 2165 1253 2247 qui
1319 2164 1385 2228 in
1445 2163 1703 2228 Leontio
1758 2162 2096 2227 Parthenio
2150 2162 2263 2244 (V)
2308 2163 2561 2227 auctore
2605 2162 2682 2227 de

379 2266 681 2348 Leucippo
727 2265 996 2348 quodam
1041 2267 1191 2331 haec
1238 2265 1547 2330 narravit:
1602 2247 1804 2338 οὗτος
1846 2258 2009 2326 κατὰ
2050 2269 2243 2346 μῆνιν
2280 2262 2682 2350 Ἀφροδίτης

377 2363 470 2442 εἰς
517 2362 733 2448 ἔρωτα
773 2357 1176 2452 ἀφικόμενος
1218 2365 1334 2450 τῆς
1395 2363 1683 2453 ’ὄελφῆς,
1727 2363 1892 2441 τέως
1920 2363 2041 2445 μὲν
2073 2361 2419 2448 ἐκαρτέρει,
2466 2359 2678 2446 οἰόμε-

377 2491 487 2545 νος
530 2471 735 2557 ῥᾷστα
780 2458 1302 2549 ἀνταλλάξασθαι
1346 2468 1462 2553 τῆς
1507 2465 1732 2532 νόσου·
1790 2463 1939 2531 ἐπεὶ
1982 2463 2209 2547 μέντοι
2258 2463 2493 2547 χρόνου
2544 2465 2680 2532 δια-

375 2569 722 2653 γενομένου
769 2568 918 2634 mide*
960 2567 1064 2634 ἐπ’
1111 2560 1329 2653 ὀλίγον
1373 2562 1599 2655 ἒλώφα
1644 2562 1722 2631 τὸ
1768 2561 2020 2645 πάθος,
2088 2557 2541 2631 ἀνακοινοῦται
2602 2570 2681 2656 ζιῇ

375 2669 573 2755 μητρὶ
615 2668 724 2735 καὶ
763 2665 979 2734 πολλοὶ
1020 2667 1429 2749 καθικέτευε,
1470 2667 1559 2754 μὴ
1605 2667 1930 2751 περιιδεῖν
1970 2659 2179 2733 αὐτὸν
2207 2658 2679 2750 α’πολλύμενον·

377 2766 436 2835 εἰ
481 2764 602 2853 γάρ
651 2761 830 2855 αὐτῷ
871 2766 960 2855 μὴ
1005 2764 1472 2855 συνεργήσειεν,
1525 2762 1940 2855 ἀποσφάξειν
1983 2763 2189 2833 αὑτὸν
2233 2760 2507 2854 ἠπείλει.
2571 2771 2680 2836 Iu-

377 2871 548 2936 venis
577 2873 814 2954 spurcis
850 2872 1088 2956 perdite
1131 2874 1402 2939 amantis
1448 2872 1725 2938 mulieris
1769 2873 2077 2938 coloribus
2121 2872 2363 2937 effictus
2408 2871 2681 2937 Alexan-

380 2972 699 3037 drinorum
765 2992 964 3038 mores
1030 2974 1415 3038 effeminatos
1479 2972 1717 3038 redolet
1736 2974 1776 3037 ².
1866 2973 2137 3038 Luctans
2197 2974 2407 3038 autem
2465 2974 2527 3037 et
2578 2972 2680 3037 fu-

378 3072 544 3139 riosa
584 3073 843 3139 libidine
887 3072 1168 3157 agitatus
1211 3075 1474 3157 animUS,
1520 3075 1628 3157 qui
1674 3074 2049 3139 consistendi
2094 3075 2301 3139 locum
2346 3093 2465 3139 non
2512 3094 2679 3157 repe-

381 3174 480 3251 rit,
526 3172 718 3238 donec
763 3175 1141 3240 confessione
1185 3174 1503 3241 relaxatur
1517 3178 1562 3250 ³,
1608 3175 1687 3240 ad
1733 3174 1898 3258 quod
1948 3176 2258 3257 exemplar
2302 3174 2543 3239 effictus
2575 3175 2677 3257 sit,

379 3290 500 3337 non
545 3292 694 3355 opus
737 3276 830 3339 est
869 3274 1086 3339 multis
1129 3276 1512 3357 explanare„
1565 3277 1775 3358 Atque
1818 3276 1981 3358 quod
2028 3276 2381 3341 adulescens
2413 3276 2677 3340 mortem

379 3372 675 3453 minatur,
744 3375 798 3440 si
853 3375 1098 3440 sceleris
1157 3377 1400 3458 sperata
1448 3376 1737 3442 ministra
1784 3395 1958 3458 opem
2002 3377 2317 3458 praestare
2362 3376 2546 3454 nolit,
2612 3377 2679 3440 in

379 3475 588 3539 eadem
633 3494 700 3540 re
743 3476 1014 3541 vidimus
1057 3476 1408 3543 Phaedram
1456 3476 1749 3561 Myrrhae
1802 3476 2075 3559 exemplo
2141 3476 2331 3541 fuisse
2386 3477 2489 3557 (cf.
2538 3476 2678 3542 Sen.

377 3574 610 3642 Phaed.
656 3578 779 3641 250
824 3596 937 3660 sq.,
986 3576 1096 3643 Ov.
1143 3577 1296 3643 Met.
1337 3578 1415 3657 X,
1459 3578 1604 3657 428,
1653 3576 1777 3642 Cir.
1822 3578 1945 3643 276
1988 3578 2130 3661 sq.).
2176 3613 2258 3623 —
2302 3578 2679 3645 Parthenius

578 3875 599 3906 ¹
633 3874 895 3929 Matrona
929 3874 1175 3944 Ephesia
1224 3872 1322 3928 vix
1368 3878 1809 3928 commemoratu
1848 3873 2038 3944 digna,
2097 3872 2207 3927 nisi
2262 3872 2412 3942 quod
2470 3874 2679 3928 ancilla

377 3962 590 4017 refecta
629 3964 861 4032 potione
898 3968 956 4018 et
992 3963 1117 4017 cibo
1146 3962 1406 4017 dominae
1429 3962 1801 4031 pertinaciam
1828 3978 2177 4032 expugnasse
2200 3960 2409 4016 dieitur
2429 3959 2677 4030 (Petron.

379 4050 499 4105 Sat:
537 4052 634 4105 111
675 4051 737 4105 B.
813 4051 893 4105 Of.
930 4050 1164 4105 Phaedr.
1203 4050 1342 4104 Fab.
1380 4051 1638 4120 Append.
1684 4051 1788 4120 13).

581 4140 604 4172 ²
640 4139 940 4208 Euripides
997 4139 1056 4192 in
1098 4139 1275 4193 Aeolo
1335 4138 1577 4193 delicato
1636 4156 1799 4192 sensu
1853 4143 2192 4193 crescentem
2235 4142 2293 4193 et
2346 4138 2513 4192 altius
2568 4154 2679 4190 ser-

378 4230 602 4295 pentem
655 4226 902 4282 Macarei
961 4226 1213 4281 furorem
1267 4244 1380 4280 non
1442 4227 1695 4296 exposite
1752 4227 2069 4296 depinxisse
2122 4226 2389 4291 videtum
2420 4229 2486 4279 ut
2542 4224 2679 4279 alias

378 4314 685 4369 ostendam.

583 4404 605 4435 ⁸
641 4403 829 4458 Mater
865 4402 1026 4457 lenae
1061 4419 1292 4457 munere
1326 4402 1615 4473 fungitur-3
1652 4420 1764 4471 quo
1801 4404 1977 4460 scelus
2014 4407 2271 4474 augetur.
