3157 5028
1501 348 1572 400 48

367 519 824 600 pronuntiatur
841 522 877 584 ¹.
969 519 1183 586 Audeo
1228 520 1426 603 igitur
1472 519 1751 604 Euripidi
1798 519 2115 602 assignare
2157 517 2279 602 frg.
2322 517 2527 601 adesp.
2572 517 2681 580 72:

780 613 1057 684 πολλάκι
1097 643 1214 702 μοι
1259 620 1613 702 πραπίδων
1655 619 1890 707 διῆλθε
1934 616 2237 704 φροντίς,

780 714 914 786 εἴτε
957 715 1119 801 τύχα
1161 720 1322 806 [τις]
1367 714 1500 786 εἴτε
1541 719 1797 802 δαίμων

777 816 858 884 τὰ
897 816 1161 903 βρότεια
1198 819 1462 905 κραίνει,

779 916 962 1004 παρά
1005 927 1064 987 τ’
1111 921 1346 988 ἐλπίδα
1383 921 1492 986 καὶ
1533 922 1718 1005 παρὰ
1761 919 1944 986 δίκαν

782 1020 938 1100 τούς
981 1023 1100 1105 μὲν
1141 1013 1259 1087 ἀπ’
1309 1017 1510 1087 οἷ’κων
1551 1022 1607 1087 δ’
1653 1015 2147 1098 ἅναπίπτοντας

775 1116 942 1206 οἰτάρ
975 1127 1171 1200 θεοῦ,
1217 1121 1371 1202 τοὺς
1411 1123 1468 1188 δ’
1515 1126 1947 1204 εὐτυχοῦντας
1986 1112 2165 1206 ὅὲγει2

377 1229 446 1291 et
497 1225 778 1291 versibus
839 1225 986 1289 Eur.
1041 1226 1188 1308 Hip.
1239 1228 1400 1290 1102
1452 1245 1544 1308 sq.
1602 1225 1869 1290 similem
1932 1223 2229 1288 introitus
2287 1220 2552 1286 formam
2620 1219 2682 1285 et

374 1326 646 1392 Senecae
684 1327 1103 1392 imitationem
1152 1328 1216 1392 in
1263 1328 1568 1392 rationem
1613 1345 1838 1392 vocaus
1875 1325 1995 1407 ipsi
2037 1325 2247 1389 nostro
2271 1322 2481 1387 Velati
2525 1320 2679 1384 loco,

375 1428 603 1494 Restat
646 1446 841 1491 unum
877 1429 1192 1493 canticum
1237 1429 1377 1511 post
1421 1428 1713 1492 nuntium
1758 1427 2058 1492 insertum
2087 1425 2227 1491 Sen.
2271 1443 2329 1488 v.
2369 1424 2531 1488 1123
2560 1441 2680 1504 sq.:

367 1522 604 1594 ‘minor
687 1528 754 1592 in
847 1529 1054 1611 parvis
1145 1528 1423 1593 Fortuna
1517 1528 1673 1592 furit
1762 1528 2110 1608 Leviusque
2205 1524 2352 1590 ferit
2443 1523 2678 1588 leviora

375 1620 575 1712 deus'3
635 1646 759 1712 quo
819 1629 954 1694 loco
1017 1630 1342 1713 Euripides
1387 1650 1444 1695 v.
1496 1631 1657 1695 1268
1714 1650 1804 1712 sq.
1850 1630 2108 1695 chorum
2162 1627 2410 1693 Amoris
2464 1626 2677 1691 laudes

375 1730 702 1794 canentem
746 1729 1005 1808 inducit,
1049 1730 1274 1812 quibus
1319 1729 1612 1796 Senecam
1670 1731 1794 1796 alio
1836 1731 1973 1794 loco
2019 1730 2281 1794 abusum
2325 1745 2453 1792 esse
2494 1726 2677 1791 modo

373 1829 672 1894 vidimus,
759 1829 1146 1896 Sententiam
1193 1832 1422 1910 autem,
1490 1850 1680 1914 quam
1746 1832 1927 1914 poeta
1993 1831 2312 1898 Romanus
2376 1826 2675 1904 illustrat,

375 1927 652 1994 Graecae
681 1930 1041 2012 tragoediae
1083 1930 1340 1995 minime
1383 1932 1668 2014 ignotam
1702 1931 1889 1996 fuisse
1934 1930 2303 1996 documento
2354 1927 2501 1992 sunt
2526 1927 2671 1990 Eur.

375 2029 497 2110 frg.
541 2029 661 2095 inc.
721 2029 882 2094 1027
931 2031 993 2095 et
1037 2030 1156 2114 frg.
1226 2030 1431 2113 adesp.
1475 2032 1619 2110 462,
1677 2031 1841 2114 quod
1900 2031 2085 2114 plane
2146 2030 2211 2094 in
2270 2028 2485 2093 eadem
2534 2045 2675 2090 sen-

369 2129 576 2194 tentia
633 2129 876 2212 copiose
920 2131 1253 2196 tractanda
1293 2134 1594 2197 versatur.
1704 2131 1911 2198 Simul
1955 2131 2142 2196 velim
2200 2130 2263 2194 in
2310 2127 2673 2194 memoriam

376 2249 625 2296 revoces
692 2249 791 2294 me
848 2233 1032 2296 antea
1097 2233 1246 2296 huic
1306 2233 1425 2316 ipsi
1489 2234 1714 2315 prioris
1756 2233 2085 2317 Hippolyti
2138 2232 2273 2297 loco
2328 2229 2673 2296 Phaedram

376 2331 511 2395 neci
545 2331 938 2397 voluntariae
981 2332 1364 2416 praefantem
1395 2334 1456 2398 et
1493 2333 1787 2399 nuntium
1818 2335 1893 2400 de
1922 2334 2052 2399 eius
2082 2335 2280 2398 morte
2312 2331 2673 2396 vindicasse.

379 2431 544 2513 Quid
573 2432 820 2516 igitur?
905 2433 1254 2504 Phaedram
1304 2434 1585 2519 reginam
1631 2434 1998 2500 divitiarum
2030 2432 2431 2500 contubernio
2461 2430 2675 2512 volup-

372 2534 540 2599 tates
592 2533 899 2599 excitante
954 2539 1352 2618 corruptam³
1392 2571 1474 2583 —-
1515 2536 1705 2601 talem
1755 2536 2105 2602 Phaedram
2150 2536 2413 2600 mortem
2458 2532 2674 2597 volun-

371 2634 602 2698 tariam
635 2635 1020 2701 subituram*
1068 2655 1268 2726 nonne
1302 2637 1524 2702 chorus
1567 2637 1889 2721 aptissime
1928 2635 2555 2718 contemplationibus
2599 2632 2675 2696 de

373 2734 650 2809 fortuna,
695 2753 853 2817 quae
893 2736 1098 2801 minor
1138 2736 1206 2801 in
1249 2738 1458 2819 parvis
1503 2737 1693 2816 furat,
1759 2735 2280 2820 prosequeretur?
2366 2733 2674 2815 Computa

373 2833 580 2915 modo,
621 2854 745 2917 qua
789 2836 1033 2902 ratione
1057 2836 1290 2903 Seneca
1314 2836 1624 2904 Graecum
1655 2838 1963 2920 exemplar
1992 2838 2239 2902 secutus
2270 2835 2373 2915 (cf.
2392 2835 2509 2899 Leo
2534 2833 2575 2897 1.
2600 2832 2672 2911 l.)

374 2935 682 3001 nutricem
725 2937 1014 3003 alumnae
1054 2938 1376 3003 libidinem
1441 2940 1866 3023 exagitantem
1929 2939 2233 3022 proponat
2281 2958 2339 3003 v.
2385 2938 2510 3003 204
2551 2956 2672 3020 sq.:

673 3038 954 3121 quisquis
997 3039 1280 3104 secundis
1323 3042 1504 3105 rebus
1547 3040 1819 3105 exsultat
1859 3040 2045 3105 nimis
2264 3040 2291 3065 ⁴'

670 3138 932 3225 fluitque
974 3141 1142 3220 luxu,
1187 3162 1426 3226 semper
1467 3142 1724 3209 insolita
1768 3144 2025 3226 appetit.

675 3242 852 3305 Tunc
891 3242 1003 3309 illa
1049 3262 1313 3327 magnae
1356 3244 1495 3310 dira
1539 3244 1830 3310 fortunae
1876 3264 2079 3310 comes

673 3343 842 3407 subit
878 3343 1072 3409 libido
1117 3364 1167 3410 e.
1212 3366 1270 3429 q.
1317 3365 1404 3419 s„

577 3486 595 3516 ¹
635 3485 717 3539 cf.
755 3486 886 3541 Hee.
927 3488 1032 3541 488
1067 3504 1146 3556 sq.
1185 3488 1292 3558 frg.
1336 3491 1458 3558 288,
1496 3492 1619 3545 829.
1664 3490 1774 3545 Hic
1798 3506 2019 3558 quoque
2042 3488 2347 3543 Menander
2374 3488 2667 3558 Euripidis

375 3574 778 3629 aemulatorem
819 3591 876 3629 se
912 3575 1259 3643 praestitisse
1296 3577 1547 3646 videtur3
1584 3578 1654 3632 cf.
1693 3578 1801 3648 frg.
1837 3579 1960 3631 581.
2008 3576 2081 3631 M.
2122 3575 2217 3645 1v,
2254 3577 2377 3629 252.
2413 3576 2523 3646 frg.
2564 3578 2665 3629 771

373 3663 568 3715 -774,
627 3661 704 3715 Μ.
743 3662 830 3728 lv,
870 3664 991 3718 288.
1035 3665 1156 3717 289.

571 3750 594 3782 ²
630 3748 696 3803 V.
735 3751 768 3801 2
815 3770 892 3810 τις
942 3769 1050 3805 om.
1103 3752 1257 3821 libri,
1316 3771 1370 3807 v.
1410 3756 1442 3806 3
1481 3758 1649 3821 κρίνει
1692 3754 1889 3808 Nauck
1937 3754 2294 3810 scribendum
2334 3752 2667 3821 suspicatur,

369 3854 421 3892 v,
473 3837 505 3889 5
557 3854 639 3905 sq.
685 3834 807 3897 τοὺς
865 3838 978 3909 μὲν
1020 3836 1118 3893 ἀπ’
1167 3846 1334 3894 οἴκων
1389 3846 1829 3902 καταπίπτοντας
1882 3842 1993 3913 (vel
2048 3838 2485 3908 ἀποπίπτοντας)
2543 3833 2669 3909 ἄτερ

371 3925 507 3977 θεοῦ
545 3926 785 3980 coniecit
821 3926 1046 3981 Gesner.
1207 3922 1218 3932 '

569 4014 592 4046 ⁸
629 4012 710 4068 Cf.
751 4013 858 4083 frg.
897 4017 1028 4068 441:
1071 4010 1224 4084 ὕβριν
1258 4032 1315 4068 τε
1350 4020 1512 4069 τίκτει
1550 4018 1797 4082 πλοῦτος,
1840 4014 1903 4071 οὗ
1940 4016 2119 4091 φειδὼ
2158 4023 2281 4087 βίου
2316 4023 2373 4072 et
2410 4017 2519 4088 frg.
2542 4019 2665 4073 440.

371 4099 548 4153 Simul
585 4099 822 4155 Senecae
859 4105 917 4155 et
953 4100 1144 4156 Ovidii
1200 4105 1493 4158 sententiis
1531 4104 1592 4157 in
1638 4122 1863 4160 censum
1912 4107 2143 4175 vocatis,
2201 4107 2478 4175 quomodo
2532 4106 2672 4160 haec
2786 4116 2791 4119 '

365 4188 552 4242 omnia
571 4194 768 4243 mutuo
795 4206 852 4243 se
879 4190 1088 4243 lumine
1112 4191 1411 4261 insigniter
1437 4192 1737 4255 illustrent,
1766 4193 1881 4247 Leo
1914 4194 1950 4248 1.
1974 4195 2008 4247 1.
2028 4212 2083 4263 p.
2115 4197 2213 4247 174
2239 4213 2319 4264 sq.
2338 4195 2665 4249 enucleavit.

571 4278 593 4309 ⁴
629 4276 706 4331 Iis
760 4278 1113 4346 computatis,
1179 4296 1319 4347 quae
1376 4284 1545 4333 antea
1600 4280 1903 4352 disputavi,
1966 4282 2209 4357 longiori
2264 4283 2482 4341 cantico
2537 4286 2668 4352 post

375 4362 662 4419 Phaedrae
703 4370 944 4421 mortem
979 4371 1143 4435 aptus
1181 4367 1334 4422 locus
1373 4384 1488 4423 non
1526 4372 1628 4425 est.
