<?xml version="1.0" encoding="UTF-8"?>
<!DOCTYPE html PUBLIC "-//W3C//DTD XHTML 1.0 Transitional//EN"
    "http://www.w3.org/TR/xhtml1/DTD/xhtml1-transitional.dtd">
<html xmlns="http://www.w3.org/1999/xhtml" xml:lang="en" lang="en">
 <head>
  <title>
</title>
<meta http-equiv="Content-Type" content="text/html;charset=utf-8" />
  <meta name='ocr-system' content='tesseract 3.04.00' />
  <meta name='ocr-capabilities' content='ocr_page ocr_carea ocr_par ocr_line ocrx_word'/>
</head>
<body>
  <div class='ocr_page' id='page_1' title='image "./dehippolytiseur02kalkgoog_0077.png"; bbox 0 0 3157 5028; ppageno 0'>
   <div class='ocr_carea' id='block_1_1' title="bbox 1491 351 1557 404">
    <p class='ocr_par' dir='ltr' id='par_1_1' title="bbox 1491 351 1557 404">
     <span class='ocr_line' id='line_1_1' title="bbox 1491 351 1557 404; baseline 0.03 -2"><span class='ocrx_word' id='word_1_1' title='bbox 1491 351 1557 404; x_wconf 83' lang='lat'>73</span> 
     </span>
    </p>
   </div>
   <div class='ocr_carea' id='block_1_2' title="bbox 371 521 2674 1706">
    <p class='ocr_par' dir='ltr' id='par_1_2' title="bbox 372 521 2207 710">
     <span class='ocr_line' id='line_1_2' title="bbox 373 521 1875 606; baseline -0.003 -14"><span class='ocrx_word' id='word_1_2' title='bbox 373 525 530 592; x_wconf 84' lang='lat' dir='ltr'>Cum</span> <span class='ocrx_word' id='word_1_3' title='bbox 575 524 800 606; x_wconf 90' lang='lat' dir='ltr'>quibus</span> <span class='ocrx_word' id='word_1_4' title='bbox 851 523 1254 606; x_wconf 91' lang='lat' dir='ltr'>componendi</span> <span class='ocrx_word' id='word_1_5' title='bbox 1302 541 1511 589; x_wconf 81' lang='lat' dir='ltr'>versus</span> <span class='ocrx_word' id='word_1_6' title='bbox 1552 521 1875 605; x_wconf 89' lang='lat' dir='ltr'>Euripidei</span> 
     </span>
     <span class='ocr_line' id='line_1_3' title="bbox 372 619 2207 710; baseline -0.004 -16"><span class='ocrx_word' id='word_1_7' title='bbox 372 628 493 696; x_wconf 86' lang='lat'>311</span> <span class='ocrx_word' id='word_1_8' title='bbox 541 646 659 710; x_wconf 78' lang='lat' dir='ltr'>sq.:</span> <span class='ocrx_word' id='word_1_9' title='bbox 773 619 1124 702; x_wconf 78' lang='grc' dir='ltr'><em>ἀπώλεσάς</em></span> <span class='ocrx_word' id='word_1_10' title='bbox 1163 647 1265 710; x_wconf 82' lang='grc' dir='ltr'>με,</span> <span class='ocrx_word' id='word_1_11' title='bbox 1307 627 1488 708; x_wconf 84' lang='grc' dir='ltr'><em>μαῖα,</em></span> <span class='ocrx_word' id='word_1_12' title='bbox 1534 621 1644 687; x_wconf 86' lang='grc' dir='ltr'>καί</span> <span class='ocrx_word' id='word_1_13' title='bbox 1686 645 1761 688; x_wconf 83' lang='grc' dir='ltr'>σε</span> <span class='ocrx_word' id='word_1_14' title='bbox 1806 619 1979 706; x_wconf 80' lang='grc' dir='ltr'><strong><em>πρὸς</em></strong></span> <span class='ocrx_word' id='word_1_15' title='bbox 2021 626 2207 689; x_wconf 77' lang='grc' dir='ltr'><em>θεῶν</em></span> 
     </span>
    </p>

    <p class='ocr_par' dir='ltr' id='par_1_3' title="bbox 373 711 2321 909">
     <span class='ocr_line' id='line_1_4' title="bbox 769 711 2250 809; baseline -0.001 -19"><span class='ocrx_word' id='word_1_16' title='bbox 769 726 955 791; x_wconf 78' lang='grc' dir='ltr'><strong><em>τοῦδ’</em></strong></span> <span class='ocrx_word' id='word_1_17' title='bbox 999 716 1236 808; x_wconf 70' lang='grc' dir='ltr'><em>ἀνδρὸς</em></span> <span class='ocrx_word' id='word_1_18' title='bbox 1272 711 1473 802; x_wconf 68' lang='grc' dir='ltr'><strong><em>αὖθις</em></strong></span> <span class='ocrx_word' id='word_1_19' title='bbox 1513 724 1821 807; x_wconf 80' lang='grc' dir='ltr'><strong><em>λίσσομαι</em></strong></span> <span class='ocrx_word' id='word_1_20' title='bbox 1866 727 2055 809; x_wconf 80' lang='grc' dir='ltr'><em>σιγᾶν</em></span> <span class='ocrx_word' id='word_1_21' title='bbox 2098 723 2250 808; x_wconf 84' lang='grc' dir='ltr'><strong><em>πέρι</em></strong></span> 
     </span>
     <span class='ocr_line' id='line_1_5' title="bbox 373 817 2321 909; baseline -0.002 -15"><span class='ocrx_word' id='word_1_22' title='bbox 373 849 432 894; x_wconf 85' lang='lat' dir='ltr'>v.</span> <span class='ocrx_word' id='word_1_23' title='bbox 477 830 635 894; x_wconf 83' lang='lat'><strong>323:</strong></span> <span class='ocrx_word' id='word_1_24' title='bbox 775 823 853 892; x_wconf 77' lang='grc' dir='ltr'>ἔα</span> <span class='ocrx_word' id='word_1_25' title='bbox 894 829 962 909; x_wconf 87' lang='grc' dir='ltr'>μ’</span> <span class='ocrx_word' id='word_1_26' title='bbox 1008 817 1380 892; x_wconf 55' lang='lat' dir='ltr'>circel-3013&amp;</span> <span class='ocrx_word' id='word_1_27' title='bbox 1422 825 1560 890; x_wconf 85' lang='grc' dir='ltr'><strong><em>κτλ.</em></strong></span> <span class='ocrx_word' id='word_1_28' title='bbox 1606 826 1711 908; x_wconf 85' lang='lat' dir='ltr'>(cf.</span> <span class='ocrx_word' id='word_1_29' title='bbox 1759 847 1815 892; x_wconf 87' lang='grc'>1.</span> <span class='ocrx_word' id='word_1_30' title='bbox 1863 829 2011 905; x_wconf 87' lang='grc'><strong>333)</strong></span> <span class='ocrx_word' id='word_1_31' title='bbox 2056 847 2114 892; x_wconf 89' lang='grc'>1.</span> <span class='ocrx_word' id='word_1_32' title='bbox 2165 827 2321 891; x_wconf 83' lang='grc'><strong>317;</strong></span> 
     </span>
    </p>

    <p class='ocr_par' dir='ltr' id='par_1_4' title="bbox 372 920 2674 1501">
     <span class='ocr_line' id='line_1_6' title="bbox 772 920 2306 1016; baseline -0.002 -24"><span class='ocrx_word' id='word_1_33' title='bbox 772 931 986 1010; x_wconf 83' lang='grc' dir='ltr'><em>χεῖρες</em></span> <span class='ocrx_word' id='word_1_34' title='bbox 1026 925 1146 1010; x_wconf 81' lang='grc' dir='ltr'>μὲν</span> <span class='ocrx_word' id='word_1_35' title='bbox 1183 921 1387 1012; x_wconf 77' lang='grc' dir='ltr'><strong>ἁγναί,</strong></span> <span class='ocrx_word' id='word_1_36' title='bbox 1429 925 1602 1016; x_wconf 80' lang='grc' dir='ltr'><strong><em>φρὴν</em></strong></span> <span class='ocrx_word' id='word_1_37' title='bbox 1644 926 1701 992; x_wconf 79' lang='grc' dir='ltr'>δ’</span> <span class='ocrx_word' id='word_1_38' title='bbox 1752 921 1886 1008; x_wconf 75' lang='grc' dir='ltr'><em>ἔχει</em></span> <span class='ocrx_word' id='word_1_39' title='bbox 1928 920 2181 1009; x_wconf 82' lang='grc' dir='ltr'><em>μίασμά</em></span> <span class='ocrx_word' id='word_1_40' title='bbox 2222 950 2306 992; x_wconf 72' lang='grc' dir='ltr'>τι.</span> 
     </span>
     <span class='ocr_line' id='line_1_7' title="bbox 373 1024 2671 1113; baseline -0.003 -19"><span class='ocrx_word' id='word_1_41' title='bbox 373 1029 562 1112; x_wconf 86' lang='lat' dir='ltr'><strong>Apud</strong></span> <span class='ocrx_word' id='word_1_42' title='bbox 608 1030 944 1113; x_wconf 90' lang='lat' dir='ltr'>utrumque</span> <span class='ocrx_word' id='word_1_43' title='bbox 990 1031 1236 1112; x_wconf 89' lang='lat' dir='ltr'>poetam</span> <span class='ocrx_word' id='word_1_44' title='bbox 1282 1029 1502 1094; x_wconf 86' lang='lat' dir='ltr'>deinde</span> <span class='ocrx_word' id='word_1_45' title='bbox 1545 1028 1757 1094; x_wconf 82' lang='lat' dir='ltr'>nutrix</span> <span class='ocrx_word' id='word_1_46' title='bbox 1800 1030 2054 1111; x_wconf 83' lang='lat' dir='ltr'>supplex</span> <span class='ocrx_word' id='word_1_47' title='bbox 2096 1030 2243 1094; x_wconf 87' lang='lat' dir='ltr'>ante</span> <span class='ocrx_word' id='word_1_48' title='bbox 2297 1045 2435 1093; x_wconf 89' lang='lat' dir='ltr'>erae</span> <span class='ocrx_word' id='word_1_49' title='bbox 2492 1024 2671 1108; x_wconf 87' lang='lat' dir='ltr'>pedes</span> 
     </span>
     <span class='ocr_line' id='line_1_8' title="bbox 373 1125 2674 1214; baseline -0.002 -20"><span class='ocrx_word' id='word_1_50' title='bbox 373 1130 728 1214; x_wconf 89' lang='lat' dir='ltr'>procumbit</span> <span class='ocrx_word' id='word_1_51' title='bbox 785 1130 928 1214; x_wconf 87' lang='lat' dir='ltr'><strong>(Ov.</strong></span> <span class='ocrx_word' id='word_1_52' title='bbox 973 1131 1097 1195; x_wconf 85' lang='lat'>415</span> <span class='ocrx_word' id='word_1_53' title='bbox 1141 1132 1288 1196; x_wconf 82' lang='lat' dir='ltr'>Eur.</span> <span class='ocrx_word' id='word_1_54' title='bbox 1335 1130 1519 1214; x_wconf 86' lang='grc'><strong>326);</strong></span> <span class='ocrx_word' id='word_1_55' title='bbox 1590 1131 1781 1213; x_wconf 90' lang='lat' dir='ltr'>atque</span> <span class='ocrx_word' id='word_1_56' title='bbox 1844 1128 2009 1212; x_wconf 91' lang='lat' dir='ltr'>quod</span> <span class='ocrx_word' id='word_1_57' title='bbox 2074 1128 2329 1193; x_wconf 83' lang='lat' dir='ltr'>maximi</span> <span class='ocrx_word' id='word_1_58' title='bbox 2388 1125 2674 1210; x_wconf 86' lang='lat' dir='ltr'>ponderis</span> 
     </span>
     <span class='ocr_line' id='line_1_9' title="bbox 373 1226 2671 1315; baseline -0.003 -19"><span class='ocrx_word' id='word_1_59' title='bbox 373 1233 486 1310; x_wconf 90' lang='lat' dir='ltr'>est,</span> <span class='ocrx_word' id='word_1_60' title='bbox 530 1233 796 1315; x_wconf 89' lang='lat' dir='ltr'>utraque</span> <span class='ocrx_word' id='word_1_61' title='bbox 840 1232 1092 1298; x_wconf 91' lang='lat' dir='ltr'>heroina</span> <span class='ocrx_word' id='word_1_62' title='bbox 1137 1231 1446 1297; x_wconf 84' lang='lat' dir='ltr'>similibus</span> <span class='ocrx_word' id='word_1_63' title='bbox 1490 1232 1863 1314; x_wconf 83' lang='lat' dir='ltr'>ambagibus</span> <span class='ocrx_word' id='word_1_64' title='bbox 1910 1228 2281 1296; x_wconf 78' lang='lat' dir='ltr'>confessioni</span> <span class='ocrx_word' id='word_1_65' title='bbox 2340 1226 2671 1311; x_wconf 89' lang='lat' dir='ltr'>praeludit.</span> 
     </span>
     <span class='ocr_line' id='line_1_10' title="bbox 372 1315 2673 1416; baseline -0.002 -19"><span class='ocrx_word' id='word_1_66' title='bbox 372 1333 632 1416; x_wconf 86' lang='lat' dir='ltr'>Myrrha</span> <span class='ocrx_word' id='word_1_67' title='bbox 696 1333 860 1398; x_wconf 91' lang='lat' dir='ltr'>enim</span> <span class='ocrx_word' id='word_1_68' title='bbox 935 1354 989 1399; x_wconf 89' lang='grc'>1.</span> <span class='ocrx_word' id='word_1_69' title='bbox 1034 1335 1188 1399; x_wconf 84' lang='lat'>422:</span> <span class='ocrx_word' id='word_1_70' title='bbox 1257 1327 1276 1352; x_wconf 90' lang='lat'><em>‘</em></span> <span class='ocrx_word' id='word_1_71' title='bbox 1305 1353 1342 1398; x_wconf 96' lang='grc'><strong>0</strong></span> <span class='ocrx_word' id='word_1_72' title='bbox 1364 1323 1383 1349; x_wconf 79' lang='lat'><strong>³</strong></span> <span class='ocrx_word' id='word_1_73' title='bbox 1441 1334 1601 1399; x_wconf 86' lang='lat' dir='ltr'>dixit</span> <span class='ocrx_word' id='word_1_74' title='bbox 1650 1327 1664 1352; x_wconf 74' lang='lat'>¹</span> <span class='ocrx_word' id='word_1_75' title='bbox 1695 1333 1935 1398; x_wconf 83' lang='lat' dir='ltr'>felicem</span> <span class='ocrx_word' id='word_1_76' title='bbox 2002 1332 2265 1413; x_wconf 86' lang='lat' dir='ltr'>coniuge</span> <span class='ocrx_word' id='word_1_77' title='bbox 2324 1331 2589 1396; x_wconf 85' lang='lat' dir='ltr'>matrem</span> <span class='ocrx_word' id='word_1_78' title='bbox 2616 1329 2630 1392; x_wconf 87' lang='lat'>!</span> <span class='ocrx_word' id='word_1_79' title='bbox 2654 1315 2673 1342; x_wconf 79' lang='lat'><strong>³</strong></span> 
     </span>
     <span class='ocr_line' id='line_1_11' title="bbox 372 1435 1101 1512; baseline 0.001 -13"><span class='ocrx_word' id='word_1_80' title='bbox 372 1435 656 1500; x_wconf 89' lang='lat' dir='ltr'>Phaedra</span> <span class='ocrx_word' id='word_1_81' title='bbox 701 1436 794 1501; x_wconf 89' lang='lat' dir='ltr'>ita</span> <span class='ocrx_word' id='word_1_82' title='bbox 838 1455 894 1501; x_wconf 85' lang='grc'>1.</span> <span class='ocrx_word' id='word_1_83' title='bbox 944 1437 1101 1512; x_wconf 85' lang='lat'><strong>337;</strong></span> 
     </span>
    </p>

    <p class='ocr_par' dir='ltr' id='par_1_5' title="bbox 371 1527 2673 1706">
     <span class='ocr_line' id='line_1_12' title="bbox 771 1527 2178 1626; baseline -0.001 -25"><span class='ocrx_word' id='word_1_84' title='bbox 771 1561 823 1601; x_wconf 88' lang='grc' dir='ltr'>ω</span> <span class='ocrx_word' id='word_1_85' title='bbox 870 1536 1131 1626; x_wconf 82' lang='grc' dir='ltr'><strong><em>τλῆμον,</em></strong></span> <span class='ocrx_word' id='word_1_86' title='bbox 1182 1527 1347 1623; x_wconf 81' lang='grc' dir='ltr'><strong>οἷον,</strong></span> <span class='ocrx_word' id='word_1_87' title='bbox 1389 1560 1615 1624; x_wconf 76' lang='grc' dir='ltr'><strong>μητερ,</strong></span> <span class='ocrx_word' id='word_1_88' title='bbox 1662 1528 1963 1626; x_wconf 75' lang='grc' dir='ltr'><strong><em>ἠράσθης</em></strong></span> <span class='ocrx_word' id='word_1_89' title='bbox 2008 1531 2178 1620; x_wconf 77' lang='grc' dir='ltr'><strong><em>ἔρον.</em></strong></span> 
     </span>
     <span class='ocr_line' id='line_1_13' title="bbox 371 1600 2673 1706; baseline -0.003 -3"><span class='ocrx_word' id='word_1_90' title='bbox 371 1600 769 1704; x_wconf 78' lang='lat' dir='ltr'>confessione</span> <span class='ocrx_word' id='word_1_91' title='bbox 811 1639 1022 1704; x_wconf 89' lang='lat' dir='ltr'>autem</span> <span class='ocrx_word' id='word_1_92' title='bbox 1067 1639 1386 1706; x_wconf 82' lang='lat' dir='ltr'>Phaedrae</span> <span class='ocrx_word' id='word_1_93' title='bbox 1443 1641 1698 1706; x_wconf 91' lang='lat' dir='ltr'>tandem</span> <span class='ocrx_word' id='word_1_94' title='bbox 1748 1638 2050 1704; x_wconf 79' lang='lat' dir='ltr'>extricata</span> <span class='ocrx_word' id='word_1_95' title='bbox 2106 1635 2411 1701; x_wconf 90' lang='lat' dir='ltr'>nutricem</span> <span class='ocrx_word' id='word_1_96' title='bbox 2456 1634 2673 1699; x_wconf 90' lang='lat' dir='ltr'>horror</span> 
     </span>
    </p>
   </div>
   <div class='ocr_carea' id='block_1_3' title="bbox 369 1732 2675 1924">
    <p class='ocr_par' dir='ltr' id='par_1_6' title="bbox 369 1732 2675 1924">
     <span class='ocr_line' id='line_1_14' title="bbox 369 1732 2675 1842; baseline -0.004 -36"><span class='ocrx_word' id='word_1_97' title='bbox 369 1739 691 1824; x_wconf 84' lang='lat' dir='ltr'>perfundit</span> <span class='ocrx_word' id='word_1_98' title='bbox 738 1759 792 1804; x_wconf 89' lang='grc'>1.</span> <span class='ocrx_word' id='word_1_99' title='bbox 839 1741 962 1805; x_wconf 86' lang='grc'>353</span> <span class='ocrx_word' id='word_1_100' title='bbox 1005 1760 1117 1824; x_wconf 66' lang='lat' dir='ltr'>sq„</span> <span class='ocrx_word' id='word_1_101' title='bbox 1173 1760 1354 1824; x_wconf 92' lang='lat' dir='ltr'>quem</span> <span class='ocrx_word' id='word_1_102' title='bbox 1400 1742 1605 1842; x_wconf 86' lang='lat' dir='ltr'>poeta</span> <span class='ocrx_word' id='word_1_103' title='bbox 1620 1742 1941 1806; x_wconf 88' lang='lat' dir='ltr'>Romanus</span> <span class='ocrx_word' id='word_1_104' title='bbox 1986 1758 2142 1805; x_wconf 89' lang='lat' dir='ltr'>anus</span> <span class='ocrx_word' id='word_1_105' title='bbox 2181 1735 2411 1802; x_wconf 88' lang='lat' dir='ltr'>canitie</span> <span class='ocrx_word' id='word_1_106' title='bbox 2453 1732 2675 1816; x_wconf 87' lang='lat' dir='ltr'>rigidis</span> 
     </span>
     <span class='ocr_line' id='line_1_15' title="bbox 371 1841 1717 1924; baseline 0 -19"><span class='ocrx_word' id='word_1_107' title='bbox 371 1841 546 1905; x_wconf 87' lang='lat' dir='ltr'>hirta</span> <span class='ocrx_word' id='word_1_108' title='bbox 595 1841 802 1906; x_wconf 82' lang='lat' dir='ltr'>stante</span> <span class='ocrx_word' id='word_1_109' title='bbox 847 1841 1092 1924; x_wconf 81' lang='lat' dir='ltr'>capillis</span> <span class='ocrx_word' id='word_1_110' title='bbox 1134 1841 1424 1907; x_wconf 88' lang='lat' dir='ltr'>illustrat</span> <span class='ocrx_word' id='word_1_111' title='bbox 1468 1861 1525 1906; x_wconf 94' lang='grc'>1.</span> <span class='ocrx_word' id='word_1_112' title='bbox 1571 1842 1717 1906; x_wconf 89' lang='grc'>425.</span> 
     </span>
    </p>
   </div>
   <div class='ocr_carea' id='block_1_4' title="bbox 573 1935 2930 2026">
    <p class='ocr_par' dir='ltr' id='par_1_7' title="bbox 573 1935 2930 2026">
     <span class='ocr_line' id='line_1_16' title="bbox 573 1935 2930 2026; baseline -0.003 -19"><span class='ocrx_word' id='word_1_113' title='bbox 573 1939 695 2007; x_wconf 87' lang='lat' dir='ltr'>Sed</span> <span class='ocrx_word' id='word_1_114' title='bbox 726 1940 1035 2008; x_wconf 84' lang='lat' dir='ltr'>Ovidiana</span> <span class='ocrx_word' id='word_1_115' title='bbox 1082 1943 1292 2007; x_wconf 86' lang='lat' dir='ltr'>nutrix</span> <span class='ocrx_word' id='word_1_116' title='bbox 1336 1943 1538 2008; x_wconf 87' lang='lat' dir='ltr'>multa</span> <span class='ocrx_word' id='word_1_117' title='bbox 1584 1941 1847 2026; x_wconf 82' lang='lat' dir='ltr'>addidit,</span> <span class='ocrx_word' id='word_1_118' title='bbox 1889 1940 1993 2006; x_wconf 79' lang='lat' dir='ltr'>‘&#39;ut</span> <span class='ocrx_word' id='word_1_119' title='bbox 2028 1937 2347 2005; x_wconf 70' lang='lat' dir='ltr'>excuteret</span> <span class='ocrx_word' id='word_1_120' title='bbox 2391 1937 2578 2019; x_wconf 85' lang='lat' dir='ltr'>diros,</span> <span class='ocrx_word' id='word_1_121' title='bbox 2620 1935 2675 2000; x_wconf 90' lang='lat' dir='ltr'>si</span> <span class='ocrx_word' id='word_1_122' title='bbox 2798 2003 2804 2009; x_wconf 61' lang='grc'><strong>,</strong></span> <span class='ocrx_word' id='word_1_123' title='bbox 2922 1991 2930 1994; x_wconf 92' lang='grc'>.</span> 
     </span>
    </p>
   </div>
   <div class='ocr_carea' id='block_1_5' title="bbox 371 2032 2729 2633">
    <p class='ocr_par' dir='ltr' id='par_1_8' title="bbox 371 2032 2729 2633">
     <span class='ocr_line' id='line_1_17' title="bbox 374 2032 2675 2126; baseline -0.002 -19"><span class='ocrx_word' id='word_1_124' title='bbox 374 2043 602 2126; x_wconf 90' lang='lat' dir='ltr'>posset,</span> <span class='ocrx_word' id='word_1_125' title='bbox 647 2032 932 2108; x_wconf 85' lang='lat' dir='ltr'>amores&#39;.</span> <span class='ocrx_word' id='word_1_126' title='bbox 1001 2043 1335 2125; x_wconf 88' lang='lat' dir='ltr'>Euripidea</span> <span class='ocrx_word' id='word_1_127' title='bbox 1377 2043 1562 2126; x_wconf 89' lang='lat' dir='ltr'>longe</span> <span class='ocrx_word' id='word_1_128' title='bbox 1604 2061 1799 2124; x_wconf 86' lang='grc'><strong>330113,</strong></span> <span class='ocrx_word' id='word_1_129' title='bbox 1845 2062 1987 2108; x_wconf 85' lang='grc'><strong>011111</strong></span> <span class='ocrx_word' id='word_1_130' title='bbox 2016 2039 2328 2106; x_wconf 75' lang='lat' dir='ltr'>resistenti</span> <span class='ocrx_word' id='word_1_131' title='bbox 2355 2037 2675 2104; x_wconf 84' lang='lat' dir='ltr'>Phaedrae</span> 
     </span>
     <span class='ocr_line' id='line_1_18' title="bbox 371 2131 2675 2227; baseline -0.002 -18"><span class='ocrx_word' id='word_1_132' title='bbox 371 2131 738 2227; x_wconf 88' lang='lat' dir='ltr'>persuadere</span> <span class='ocrx_word' id='word_1_133' title='bbox 783 2143 992 2226; x_wconf 87' lang='lat' dir='ltr'>potius</span> <span class='ocrx_word' id='word_1_134' title='bbox 1043 2148 1316 2223; x_wconf 87' lang='lat' dir='ltr'>conetur,</span> <span class='ocrx_word' id='word_1_135' title='bbox 1387 2146 1460 2209; x_wconf 95' lang='lat' dir='ltr'>ut</span> <span class='ocrx_word' id='word_1_136' title='bbox 1505 2145 1704 2210; x_wconf 87' lang='lat' dir='ltr'>amori</span> <span class='ocrx_word' id='word_1_137' title='bbox 1749 2145 1951 2209; x_wconf 90' lang='lat' dir='ltr'>totam</span> <span class='ocrx_word' id='word_1_138' title='bbox 1996 2161 2059 2208; x_wconf 91' lang='lat' dir='ltr'>se</span> <span class='ocrx_word' id='word_1_139' title='bbox 2090 2142 2311 2218; x_wconf 87' lang='lat' dir='ltr'>dedat;</span> <span class='ocrx_word' id='word_1_140' title='bbox 2380 2161 2537 2224; x_wconf 88' lang='lat' dir='ltr'>quae</span> <span class='ocrx_word' id='word_1_141' title='bbox 2582 2140 2675 2205; x_wconf 90' lang='lat' dir='ltr'>est</span> 
     </span>
     <span class='ocr_line' id='line_1_19' title="bbox 372 2241 2673 2311; baseline -0.002 -2"><span class='ocrx_word' id='word_1_142' title='bbox 372 2245 561 2310; x_wconf 86' lang='lat' dir='ltr'>unica</span> <span class='ocrx_word' id='word_1_143' title='bbox 619 2245 783 2310; x_wconf 88' lang='lat' dir='ltr'>ratio</span> <span class='ocrx_word' id='word_1_144' title='bbox 849 2244 1186 2311; x_wconf 89' lang='lat' dir='ltr'>moderatis</span> <span class='ocrx_word' id='word_1_145' title='bbox 1254 2246 1514 2311; x_wconf 87' lang='lat' dir='ltr'>alterius</span> <span class='ocrx_word' id='word_1_146' title='bbox 1568 2244 1890 2311; x_wconf 89' lang='lat' dir='ltr'>Phaedrae</span> <span class='ocrx_word' id='word_1_147' title='bbox 1954 2244 2229 2310; x_wconf 88' lang='lat' dir='ltr'>moribus</span> <span class='ocrx_word' id='word_1_148' title='bbox 2288 2241 2673 2308; x_wconf 81' lang='lat' dir='ltr'>conveniens,</span> 
     </span>
     <span class='ocr_line' id='line_1_20' title="bbox 373 2343 2729 2431; baseline -0.002 -19"><span class='ocrx_word' id='word_1_149' title='bbox 373 2346 598 2412; x_wconf 85' lang='lat' dir='ltr'>Nescio</span> <span class='ocrx_word' id='word_1_150' title='bbox 643 2365 724 2410; x_wconf 90' lang='lat' dir='ltr'>an</span> <span class='ocrx_word' id='word_1_151' title='bbox 763 2346 927 2411; x_wconf 91' lang='lat' dir='ltr'>idem</span> <span class='ocrx_word' id='word_1_152' title='bbox 968 2345 1260 2431; x_wconf 82' lang='lat' dir='ltr'>Myrrhae</span> <span class='ocrx_word' id='word_1_153' title='bbox 1305 2347 1673 2412; x_wconf 85' lang='lat' dir='ltr'>conveniens</span> <span class='ocrx_word' id='word_1_154' title='bbox 1712 2347 1921 2427; x_wconf 89' lang='lat' dir='ltr'>fuerit,</span> <span class='ocrx_word' id='word_1_155' title='bbox 1987 2347 2060 2411; x_wconf 89' lang='lat' dir='ltr'>ut</span> <span class='ocrx_word' id='word_1_156' title='bbox 2098 2365 2286 2429; x_wconf 92' lang='lat' dir='ltr'>quam</span> <span class='ocrx_word' id='word_1_157' title='bbox 2330 2345 2511 2427; x_wconf 89' lang='lat' dir='ltr'>poeta</span> <span class='ocrx_word' id='word_1_158' title='bbox 2558 2343 2676 2409; x_wconf 86' lang='lat' dir='ltr'>Co·</span> <span class='ocrx_word' id='word_1_159' title='bbox 2724 2384 2729 2389; x_wconf 96' lang='lat'>-</span> 
     </span>
     <span class='ocr_line' id='line_1_21' title="bbox 371 2445 2675 2530; baseline -0.001 -20"><span class='ocrx_word' id='word_1_160' title='bbox 371 2445 627 2512; x_wconf 88' lang='lat' dir='ltr'>roniferi</span> <span class='ocrx_word' id='word_1_161' title='bbox 673 2447 1016 2530; x_wconf 82' lang='lat' dir='ltr'>exemplum</span> <span class='ocrx_word' id='word_1_162' title='bbox 1083 2449 1330 2513; x_wconf 89' lang='lat' dir='ltr'>secutus</span> <span class='ocrx_word' id='word_1_163' title='bbox 1397 2449 1697 2513; x_wconf 88' lang='lat' dir='ltr'>incestam</span> <span class='ocrx_word' id='word_1_164' title='bbox 1756 2446 2076 2512; x_wconf 90' lang='lat' dir='ltr'>libidinem</span> <span class='ocrx_word' id='word_1_165' title='bbox 2130 2446 2307 2512; x_wconf 83' lang='lat' dir='ltr'>anxie</span> <span class='ocrx_word' id='word_1_166' title='bbox 2351 2445 2675 2511; x_wconf 85' lang='lat' dir='ltr'>occultan-</span> 
     </span>
     <span class='ocr_line' id='line_1_22' title="bbox 371 2546 2675 2633; baseline -0.001 -20"><span class='ocrx_word' id='word_1_167' title='bbox 371 2550 501 2613; x_wconf 91' lang='lat' dir='ltr'>tem</span> <span class='ocrx_word' id='word_1_168' title='bbox 552 2550 613 2613; x_wconf 93' lang='lat' dir='ltr'>et</span> <span class='ocrx_word' id='word_1_169' title='bbox 661 2549 1056 2632; x_wconf 87' lang='lat' dir='ltr'>aliquatenus</span> <span class='ocrx_word' id='word_1_170' title='bbox 1111 2550 1276 2615; x_wconf 88' lang='lat' dir='ltr'>certe</span> <span class='ocrx_word' id='word_1_171' title='bbox 1331 2549 1669 2633; x_wconf 87' lang='lat' dir='ltr'>pudicitiae</span> <span class='ocrx_word' id='word_1_172' title='bbox 1734 2550 2048 2614; x_wconf 91' lang='lat' dir='ltr'>cedentem</span> <span class='ocrx_word' id='word_1_173' title='bbox 2114 2549 2346 2614; x_wconf 88' lang='lat' dir='ltr'>fecerit.</span> <span class='ocrx_word' id='word_1_174' title='bbox 2436 2546 2675 2612; x_wconf 87' lang='lat' dir='ltr'>Nasoni</span> 
     </span>
    </p>
   </div>
   <div class='ocr_carea' id='block_1_6' title="bbox 373 2648 2783 2734">
    <p class='ocr_par' dir='ltr' id='par_1_9' title="bbox 373 2648 2783 2734">
     <span class='ocr_line' id='line_1_23' title="bbox 373 2648 2783 2734; baseline -0.001 -20"><span class='ocrx_word' id='word_1_175' title='bbox 373 2649 559 2714; x_wconf 88' lang='lat' dir='ltr'>aliter</span> <span class='ocrx_word' id='word_1_176' title='bbox 606 2649 807 2714; x_wconf 87' lang='lat' dir='ltr'>visum</span> <span class='ocrx_word' id='word_1_177' title='bbox 850 2651 962 2730; x_wconf 86' lang='lat' dir='ltr'>est,</span> <span class='ocrx_word' id='word_1_178' title='bbox 1029 2670 1170 2716; x_wconf 92' lang='lat' dir='ltr'>cum</span> <span class='ocrx_word' id='word_1_179' title='bbox 1229 2651 1472 2734; x_wconf 86' lang='lat' dir='ltr'>puellae</span> <span class='ocrx_word' id='word_1_180' title='bbox 1515 2671 1552 2717; x_wconf 99' lang='lat' dir='ltr'>a</span> <span class='ocrx_word' id='word_1_181' title='bbox 1597 2650 1837 2716; x_wconf 89' lang='lat' dir='ltr'>ratione</span> <span class='ocrx_word' id='word_1_182' title='bbox 1881 2653 2067 2715; x_wconf 88' lang='lat' dir='ltr'>antea</span> <span class='ocrx_word' id='word_1_183' title='bbox 2124 2652 2297 2715; x_wconf 81' lang='lat' dir='ltr'>enixe</span> <span class='ocrx_word' id='word_1_184' title='bbox 2350 2648 2674 2714; x_wconf 88' lang='lat' dir='ltr'>observata</span> <span class='ocrx_word' id='word_1_185' title='bbox 2776 2686 2783 2691; x_wconf 84' lang='lat'>-</span> 
     </span>
    </p>
   </div>
   <div class='ocr_carea' id='block_1_7' title="bbox 353 2750 2763 4455">
    <p class='ocr_par' dir='ltr' id='par_1_10' title="bbox 373 2750 2179 2936">
     <span class='ocr_line' id='line_1_24' title="bbox 373 2750 2147 2834; baseline 0 -19"><span class='ocrx_word' id='word_1_186' title='bbox 373 2750 650 2815; x_wconf 88' lang='lat' dir='ltr'>subitam</span> <span class='ocrx_word' id='word_1_187' title='bbox 693 2750 1097 2816; x_wconf 84' lang='lat' dir='ltr'>defectionem</span> <span class='ocrx_word' id='word_1_188' title='bbox 1143 2752 1413 2834; x_wconf 89' lang='lat' dir='ltr'>imputet</span> <span class='ocrx_word' id='word_1_189' title='bbox 1457 2770 1719 2833; x_wconf 86' lang='lat' dir='ltr'>pergens</span> <span class='ocrx_word' id='word_1_190' title='bbox 1763 2769 1819 2815; x_wconf 85' lang='grc'>1.</span> <span class='ocrx_word' id='word_1_191' title='bbox 1856 2752 1980 2815; x_wconf 87' lang='grc'>427</span> <span class='ocrx_word' id='word_1_192' title='bbox 2026 2769 2147 2833; x_wconf 85' lang='lat' dir='ltr'>sq.:</span> 
     </span>
     <span class='ocr_line' id='line_1_25' title="bbox 938 2841 2179 2936; baseline -0.001 -19"><span class='ocrx_word' id='word_1_193' title='bbox 938 2853 1006 2917; x_wconf 88' lang='lat' dir='ltr'>at</span> <span class='ocrx_word' id='word_1_194' title='bbox 1049 2853 1227 2936; x_wconf 87' lang='lat' dir='ltr'>virgo</span> <span class='ocrx_word' id='word_1_195' title='bbox 1273 2853 1392 2917; x_wconf 86' lang='lat' dir='ltr'>scit</span> <span class='ocrx_word' id='word_1_196' title='bbox 1435 2872 1500 2918; x_wconf 91' lang='lat' dir='ltr'>se</span> <span class='ocrx_word' id='word_1_197' title='bbox 1543 2871 1667 2917; x_wconf 91' lang='lat' dir='ltr'>non</span> <span class='ocrx_word' id='word_1_198' title='bbox 1710 2852 1869 2917; x_wconf 90' lang='lat' dir='ltr'>falsa</span> <span class='ocrx_word' id='word_1_199' title='bbox 1912 2841 2179 2928; x_wconf 80' lang='lat' dir='ltr'>moneri3</span> 
     </span>
    </p>

    <p class='ocr_par' dir='ltr' id='par_1_11' title="bbox 353 2952 2763 4152">
     <span class='ocr_line' id='line_1_26' title="bbox 576 2952 2214 3035; baseline 0.001 -18"><span class='ocrx_word' id='word_1_200' title='bbox 576 2954 746 3017; x_wconf 88' lang='lat' dir='ltr'>certa</span> <span class='ocrx_word' id='word_1_201' title='bbox 789 2952 948 3018; x_wconf 92' lang='lat' dir='ltr'>mori</span> <span class='ocrx_word' id='word_1_202' title='bbox 990 2954 1201 3019; x_wconf 88' lang='lat' dir='ltr'>tamen</span> <span class='ocrx_word' id='word_1_203' title='bbox 1248 2955 1360 3032; x_wconf 85' lang='lat' dir='ltr'>est,</span> <span class='ocrx_word' id='word_1_204' title='bbox 1407 2954 1459 3019; x_wconf 91' lang='lat' dir='ltr'>si</span> <span class='ocrx_word' id='word_1_205' title='bbox 1505 2971 1629 3018; x_wconf 91' lang='lat' dir='ltr'>non</span> <span class='ocrx_word' id='word_1_206' title='bbox 1666 2954 1945 3035; x_wconf 89' lang='lat' dir='ltr'>potiatur</span> <span class='ocrx_word' id='word_1_207' title='bbox 1985 2972 2214 3020; x_wconf 89' lang='lat' dir='ltr'>amore.</span> 
     </span>
     <span class='ocr_line' id='line_1_27' title="bbox 353 3053 2674 3145; baseline -0.001 -25"><span class='ocrx_word' id='word_1_208' title='bbox 353 3053 854 3145; x_wconf 25' lang='lat' dir='ltr'>‘Compilationis</span> <span class='ocrx_word' id='word_1_209' title='bbox 917 3053 1207 3123; x_wconf 85' lang='lat' dir='ltr'>videlicet</span> <span class='ocrx_word' id='word_1_210' title='bbox 1272 3056 1336 3119; x_wconf 90' lang='lat' dir='ltr'>hi</span> <span class='ocrx_word' id='word_1_211' title='bbox 1395 3074 1608 3120; x_wconf 85' lang='lat' dir='ltr'>versus</span> <span class='ocrx_word' id='word_1_212' title='bbox 1668 3055 1837 3121; x_wconf 90' lang='lat' dir='ltr'>haud</span> <span class='ocrx_word' id='word_1_213' title='bbox 1900 3056 2162 3121; x_wconf 88' lang='lat' dir='ltr'>obscura</span> <span class='ocrx_word' id='word_1_214' title='bbox 2217 3055 2452 3121; x_wconf 91' lang='lat' dir='ltr'>indicia</span> <span class='ocrx_word' id='word_1_215' title='bbox 2510 3055 2674 3133; x_wconf 86' lang='lat' dir='ltr'>sunt,</span> 
     </span>
     <span class='ocr_line' id='line_1_28' title="bbox 374 3155 2678 3240; baseline -0 -19"><span class='ocrx_word' id='word_1_216' title='bbox 374 3156 602 3239; x_wconf 91' lang='lat' dir='ltr'>quippe</span> <span class='ocrx_word' id='word_1_217' title='bbox 647 3155 756 3240; x_wconf 90' lang='lat' dir='ltr'>qui</span> <span class='ocrx_word' id='word_1_218' title='bbox 805 3156 1010 3238; x_wconf 88' lang='lat' dir='ltr'>potius</span> <span class='ocrx_word' id='word_1_219' title='bbox 1052 3157 1274 3239; x_wconf 91' lang='lat' dir='ltr'>prioris</span> <span class='ocrx_word' id='word_1_220' title='bbox 1310 3156 1632 3222; x_wconf 83' lang='lat' dir='ltr'>Phaedrae</span> <span class='ocrx_word' id='word_1_221' title='bbox 1676 3176 1875 3222; x_wconf 87' lang='lat' dir='ltr'>mores</span> <span class='ocrx_word' id='word_1_222' title='bbox 1921 3157 2249 3224; x_wconf 87' lang='lat' dir='ltr'>delineent.</span> <span class='ocrx_word' id='word_1_223' title='bbox 2310 3158 2478 3223; x_wconf 90' lang='lat' dir='ltr'>Nam</span> <span class='ocrx_word' id='word_1_224' title='bbox 2508 3157 2678 3239; x_wconf 88' lang='lat' dir='ltr'>post-</span> 
     </span>
     <span class='ocr_line' id='line_1_29' title="bbox 376 3256 2678 3342; baseline -0.001 -19"><span class='ocrx_word' id='word_1_225' title='bbox 376 3277 564 3342; x_wconf 84' lang='lat' dir='ltr'>quam</span> <span class='ocrx_word' id='word_1_226' title='bbox 609 3258 856 3340; x_wconf 87' lang='lat' dir='ltr'>tragica</span> <span class='ocrx_word' id='word_1_227' title='bbox 900 3258 1111 3323; x_wconf 83' lang='lat' dir='ltr'>nutrix</span> <span class='ocrx_word' id='word_1_228' title='bbox 1158 3257 1390 3324; x_wconf 86' lang='lat' dir='ltr'>Seneca</span> <span class='ocrx_word' id='word_1_229' title='bbox 1433 3259 1689 3324; x_wconf 86' lang='lat' dir='ltr'>auctore</span> <span class='ocrx_word' id='word_1_230' title='bbox 1740 3260 1969 3324; x_wconf 88' lang='lat' dir='ltr'>iterum</span> <span class='ocrx_word' id='word_1_231' title='bbox 2024 3258 2374 3342; x_wconf 88' lang='lat' dir='ltr'>iterumque</span> <span class='ocrx_word' id='word_1_232' title='bbox 2431 3256 2678 3341; x_wconf 88' lang='lat' dir='ltr'>pericli-</span> 
     </span>
     <span class='ocr_line' id='line_1_30' title="bbox 374 3358 2679 3443; baseline -0.001 -19"><span class='ocrx_word' id='word_1_233' title='bbox 374 3361 514 3425; x_wconf 91' lang='lat' dir='ltr'>tata</span> <span class='ocrx_word' id='word_1_234' title='bbox 561 3360 673 3443; x_wconf 89' lang='lat' dir='ltr'>est,</span> <span class='ocrx_word' id='word_1_235' title='bbox 718 3360 942 3443; x_wconf 87' lang='lat' dir='ltr'>quibus</span> <span class='ocrx_word' id='word_1_236' title='bbox 988 3360 1534 3426; x_wconf 88' lang='lat' dir='ltr'>adhortationibus</span> <span class='ocrx_word' id='word_1_237' title='bbox 1578 3360 1868 3425; x_wconf 89' lang='lat' dir='ltr'>dominae</span> <span class='ocrx_word' id='word_1_238' title='bbox 1913 3359 2232 3442; x_wconf 91' lang='lat' dir='ltr'>cupidines</span> <span class='ocrx_word' id='word_1_239' title='bbox 2276 3358 2679 3424; x_wconf 90' lang='lat' dir='ltr'>contunderet</span> 
     </span>
     <span class='ocr_line' id='line_1_31' title="bbox 375 3459 2677 3545; baseline -0.002 -19"><span class='ocrx_word' id='word_1_240' title='bbox 375 3480 433 3526; x_wconf 87' lang='lat' dir='ltr'>v.</span> <span class='ocrx_word' id='word_1_241' title='bbox 470 3462 588 3526; x_wconf 83' lang='lat'>129</span> <span class='ocrx_word' id='word_1_242' title='bbox 619 3480 709 3544; x_wconf 89' lang='lat' dir='ltr'>sq.</span> <span class='ocrx_word' id='word_1_243' title='bbox 755 3461 881 3525; x_wconf 89' lang='grc'>246</span> <span class='ocrx_word' id='word_1_244' title='bbox 925 3478 1038 3544; x_wconf 67' lang='lat' dir='ltr'>sq„</span> <span class='ocrx_word' id='word_1_245' title='bbox 1082 3462 1196 3526; x_wconf 90' lang='lat' dir='ltr'>illa</span> <span class='ocrx_word' id='word_1_246' title='bbox 1243 3462 1478 3527; x_wconf 89' lang='lat' dir='ltr'>fatetur</span> <span class='ocrx_word' id='word_1_247' title='bbox 1521 3481 1666 3526; x_wconf 89' lang='grc'><strong>1313</strong></span> <span class='ocrx_word' id='word_1_248' title='bbox 1714 3480 1861 3545; x_wconf 85' lang='grc'><strong>3333,</strong></span> <span class='ocrx_word' id='word_1_249' title='bbox 1907 3480 2065 3544; x_wconf 89' lang='lat' dir='ltr'>quae</span> <span class='ocrx_word' id='word_1_250' title='bbox 2106 3461 2318 3525; x_wconf 86' lang='lat' dir='ltr'>nutrix</span> <span class='ocrx_word' id='word_1_251' title='bbox 2361 3459 2677 3538; x_wconf 87' lang='lat' dir='ltr'>memoret,</span> 
     </span>
     <span class='ocr_line' id='line_1_32' title="bbox 374 3559 2678 3648; baseline -0.002 -20"><span class='ocrx_word' id='word_1_252' title='bbox 374 3563 481 3629; x_wconf 85' lang='lat' dir='ltr'>sed</span> <span class='ocrx_word' id='word_1_253' title='bbox 531 3563 800 3628; x_wconf 88' lang='lat' dir='ltr'>furorem</span> <span class='ocrx_word' id='word_1_254' title='bbox 853 3581 1072 3647; x_wconf 89' lang='lat' dir='ltr'>cogere</span> <span class='ocrx_word' id='word_1_255' title='bbox 1131 3564 1340 3646; x_wconf 88' lang='lat' dir='ltr'>peiora</span> <span class='ocrx_word' id='word_1_256' title='bbox 1391 3564 1565 3648; x_wconf 91' lang='lat' dir='ltr'>sequi</span> <span class='ocrx_word' id='word_1_257' title='bbox 1632 3583 1692 3628; x_wconf 91' lang='grc'>1.</span> <span class='ocrx_word' id='word_1_258' title='bbox 1747 3565 1864 3628; x_wconf 90' lang='grc'>177</span> <span class='ocrx_word' id='word_1_259' title='bbox 1927 3582 2016 3646; x_wconf 91' lang='lat' dir='ltr'>sq.</span> <span class='ocrx_word' id='word_1_260' title='bbox 2126 3562 2346 3645; x_wconf 90' lang='lat' dir='ltr'>Neque</span> <span class='ocrx_word' id='word_1_261' title='bbox 2413 3559 2678 3625; x_wconf 89' lang='lat' dir='ltr'>Senecae</span> 
     </span>
     <span class='ocr_line' id='line_1_33' title="bbox 376 3660 2675 3750; baseline -0.003 -20"><span class='ocrx_word' id='word_1_262' title='bbox 376 3663 660 3730; x_wconf 89' lang='lat' dir='ltr'>Phaedra</span> <span class='ocrx_word' id='word_1_263' title='bbox 705 3665 873 3730; x_wconf 90' lang='lat' dir='ltr'>certa</span> <span class='ocrx_word' id='word_1_264' title='bbox 921 3665 1078 3730; x_wconf 90' lang='lat' dir='ltr'>mori</span> <span class='ocrx_word' id='word_1_265' title='bbox 1121 3683 1243 3731; x_wconf 91' lang='lat' dir='ltr'>non</span> <span class='ocrx_word' id='word_1_266' title='bbox 1288 3666 1382 3730; x_wconf 85' lang='lat' dir='ltr'>est</span> <span class='ocrx_word' id='word_1_267' title='bbox 1426 3685 1485 3731; x_wconf 84' lang='lat' dir='ltr'>v.</span> <span class='ocrx_word' id='word_1_268' title='bbox 1532 3667 1675 3745; x_wconf 84' lang='lat'>254,</span> <span class='ocrx_word' id='word_1_269' title='bbox 1751 3685 1942 3750; x_wconf 89' lang='lat' dir='ltr'>quam</span> <span class='ocrx_word' id='word_1_270' title='bbox 2005 3666 2270 3731; x_wconf 88' lang='lat' dir='ltr'>mortem</span> <span class='ocrx_word' id='word_1_271' title='bbox 2333 3660 2675 3728; x_wconf 87' lang='lat' dir='ltr'>minantem</span> 
     </span>
     <span class='ocr_line' id='line_1_34' title="bbox 377 3764 2674 3849; baseline -0.003 -18"><span class='ocrx_word' id='word_1_272' title='bbox 377 3784 531 3831; x_wconf 91' lang='lat' dir='ltr'>anus</span> <span class='ocrx_word' id='word_1_273' title='bbox 597 3764 883 3847; x_wconf 90' lang='lat' dir='ltr'>prohibet</span> <span class='ocrx_word' id='word_1_274' title='bbox 945 3765 1302 3847; x_wconf 85' lang='lat' dir='ltr'>spondendo</span> <span class='ocrx_word' id='word_1_275' title='bbox 1368 3766 1661 3833; x_wconf 87' lang='lat' dir='ltr'>iuvenem</span> <span class='ocrx_word' id='word_1_276' title='bbox 1721 3768 1919 3833; x_wconf 88' lang='lat' dir='ltr'>ferum</span> <span class='ocrx_word' id='word_1_277' title='bbox 1985 3786 2053 3833; x_wconf 89' lang='lat' dir='ltr'>se</span> <span class='ocrx_word' id='word_1_278' title='bbox 2118 3781 2556 3849; x_wconf 86' lang='lat' dir='ltr'>aggressuram</span> <span class='ocrx_word' id='word_1_279' title='bbox 2616 3780 2674 3826; x_wconf 86' lang='lat' dir='ltr'>v.</span> 
     </span>
     <span class='ocr_line' id='line_1_35' title="bbox 377 3862 2763 3949; baseline -0.002 -18"><span class='ocrx_word' id='word_1_280' title='bbox 377 3868 517 3944; x_wconf 89' lang='grc'>272,</span> <span class='ocrx_word' id='word_1_281' title='bbox 584 3866 658 3930; x_wconf 89' lang='lat' dir='ltr'>ut</span> <span class='ocrx_word' id='word_1_282' title='bbox 700 3865 989 3949; x_wconf 85' lang='lat' dir='ltr'>Myrrhae</span> <span class='ocrx_word' id='word_1_283' title='bbox 1033 3866 1243 3931; x_wconf 86' lang='lat' dir='ltr'>nutrix</span> <span class='ocrx_word' id='word_1_284' title='bbox 1292 3887 1346 3932; x_wconf 89' lang='lat' dir='ltr'>v.</span> <span class='ocrx_word' id='word_1_285' title='bbox 1379 3868 1530 3933; x_wconf 87' lang='lat'>429:</span> <span class='ocrx_word' id='word_1_286' title='bbox 1601 3867 1818 3946; x_wconf 85' lang='lat' dir='ltr'>‘vive‚&#39;</span> <span class='ocrx_word' id='word_1_287' title='bbox 1888 3869 1979 3934; x_wconf 90' lang='lat' dir='ltr'>ait</span> <span class='ocrx_word' id='word_1_288' title='bbox 2022 3869 2172 3932; x_wconf 89' lang='lat' dir='ltr'>haec</span> <span class='ocrx_word' id='word_1_289' title='bbox 2216 3865 2480 3947; x_wconf 88' lang='lat' dir='ltr'>‘potiere</span> <span class='ocrx_word' id='word_1_290' title='bbox 2516 3862 2676 3927; x_wconf 88' lang='lat' dir='ltr'>tuo’.</span> <span class='ocrx_word' id='word_1_291' title='bbox 2755 3897 2763 3903; x_wconf 94' lang='lat'>-</span> 
     </span>
     <span class='ocr_line' id='line_1_36' title="bbox 378 3965 2677 4051; baseline -0.001 -21"><span class='ocrx_word' id='word_1_292' title='bbox 378 3966 556 4047; x_wconf 84' lang='lat' dir='ltr'>Quod</span> <span class='ocrx_word' id='word_1_293' title='bbox 601 3967 972 4048; x_wconf 87' lang='lat' dir='ltr'>promissum</span> <span class='ocrx_word' id='word_1_294' title='bbox 1018 3967 1271 4033; x_wconf 92' lang='lat' dir='ltr'>numine</span> <span class='ocrx_word' id='word_1_295' title='bbox 1315 3967 1526 4033; x_wconf 88' lang='lat' dir='ltr'>firmat</span> <span class='ocrx_word' id='word_1_296' title='bbox 1571 3970 1699 4034; x_wconf 91' lang='lat' dir='ltr'>ritu</span> <span class='ocrx_word' id='word_1_297' title='bbox 1745 3969 2118 4051; x_wconf 82' lang='lat' dir='ltr'>Euripideae</span> <span class='ocrx_word' id='word_1_298' title='bbox 2171 3965 2453 4048; x_wconf 78' lang='lat' dir='ltr'>nutrici8‚</span> <span class='ocrx_word' id='word_1_299' title='bbox 2521 3982 2677 4047; x_wconf 87' lang='lat' dir='ltr'>quae</span> 
     </span>
     <span class='ocr_line' id='line_1_37' title="bbox 376 4067 2320 4152; baseline -0.001 -19"><span class='ocrx_word' id='word_1_300' title='bbox 376 4087 516 4133; x_wconf 94' lang='lat' dir='ltr'>cum</span> <span class='ocrx_word' id='word_1_301' title='bbox 565 4067 817 4133; x_wconf 85' lang='lat' dir='ltr'>Veneris</span> <span class='ocrx_word' id='word_1_302' title='bbox 863 4069 1259 4135; x_wconf 84' lang='lat' dir='ltr'>invocatione</span> <span class='ocrx_word' id='word_1_303' title='bbox 1304 4069 1377 4134; x_wconf 94' lang='lat' dir='ltr'>de</span> <span class='ocrx_word' id='word_1_304' title='bbox 1421 4088 1644 4139; x_wconf 89' lang='lat' dir='ltr'>scaena</span> <span class='ocrx_word' id='word_1_305' title='bbox 1689 4070 1931 4135; x_wconf 86' lang='lat' dir='ltr'>decedit</span> <span class='ocrx_word' id='word_1_306' title='bbox 1972 4090 2029 4135; x_wconf 82' lang='lat' dir='ltr'>v.</span> <span class='ocrx_word' id='word_1_307' title='bbox 2075 4070 2197 4134; x_wconf 82' lang='lat'>522</span> <span class='ocrx_word' id='word_1_308' title='bbox 2230 4088 2320 4152; x_wconf 90' lang='lat' dir='ltr'>sq.</span> 
     </span>
    </p>

    <p class='ocr_par' dir='ltr' id='par_1_12' title="bbox 376 4164 2678 4455">
     <span class='ocr_line' id='line_1_38' title="bbox 573 4164 2676 4255; baseline -0.002 -20"><span class='ocrx_word' id='word_1_309' title='bbox 573 4169 694 4235; x_wconf 87' lang='lat' dir='ltr'>Sed</span> <span class='ocrx_word' id='word_1_310' title='bbox 736 4169 1193 4252; x_wconf 88' lang='lat' dir='ltr'>inquirentibus</span> <span class='ocrx_word' id='word_1_311' title='bbox 1249 4172 1315 4235; x_wconf 90' lang='lat' dir='ltr'>in</span> <span class='ocrx_word' id='word_1_312' title='bbox 1362 4190 1497 4236; x_wconf 88' lang='lat' dir='ltr'>eam</span> <span class='ocrx_word' id='word_1_313' title='bbox 1561 4164 1887 4249; x_wconf 84' lang='lat' dir='ltr'>rationem,</span> <span class='ocrx_word' id='word_1_314' title='bbox 1954 4190 2077 4255; x_wconf 89' lang='lat' dir='ltr'>qua</span> <span class='ocrx_word' id='word_1_315' title='bbox 2129 4172 2311 4253; x_wconf 88' lang='lat' dir='ltr'>poeta</span> <span class='ocrx_word' id='word_1_316' title='bbox 2352 4167 2676 4251; x_wconf 78' lang='lat' dir='ltr'>Myrrham</span> 
     </span>
     <span class='ocr_line' id='line_1_39' title="bbox 376 4266 2678 4354; baseline -0.001 -21"><span class='ocrx_word' id='word_1_317' title='bbox 376 4270 596 4335; x_wconf 88' lang='lat' dir='ltr'>contra</span> <span class='ocrx_word' id='word_1_318' title='bbox 639 4270 938 4335; x_wconf 89' lang='lat' dir='ltr'>incestam</span> <span class='ocrx_word' id='word_1_319' title='bbox 999 4271 1409 4354; x_wconf 84' lang='lat' dir='ltr'>cupiditatem</span> <span class='ocrx_word' id='word_1_320' title='bbox 1456 4272 1803 4337; x_wconf 89' lang='lat' dir='ltr'>luctantem</span> <span class='ocrx_word' id='word_1_321' title='bbox 1852 4271 2182 4351; x_wconf 87' lang='lat' dir='ltr'>induxerit,</span> <span class='ocrx_word' id='word_1_322' title='bbox 2238 4269 2439 4335; x_wconf 88' lang='lat' dir='ltr'>multa</span> <span class='ocrx_word' id='word_1_323' title='bbox 2497 4266 2678 4332; x_wconf 88' lang='lat' dir='ltr'>obvia</span> 
     </span>
     <span class='ocr_line' id='line_1_40' title="bbox 377 4366 2678 4455; baseline -0.002 -20"><span class='ocrx_word' id='word_1_324' title='bbox 377 4370 546 4448; x_wconf 89' lang='lat' dir='ltr'>fient,</span> <span class='ocrx_word' id='word_1_325' title='bbox 614 4390 776 4454; x_wconf 89' lang='lat' dir='ltr'>quae</span> <span class='ocrx_word' id='word_1_326' title='bbox 838 4370 1149 4438; x_wconf 87' lang='lat' dir='ltr'>Milesiam</span> <span class='ocrx_word' id='word_1_327' title='bbox 1215 4372 1488 4455; x_wconf 89' lang='lat' dir='ltr'>puellam</span> <span class='ocrx_word' id='word_1_328' title='bbox 1551 4373 1619 4437; x_wconf 89' lang='lat' dir='ltr'>in</span> <span class='ocrx_word' id='word_1_329' title='bbox 1682 4372 2043 4438; x_wconf 88' lang='lat' dir='ltr'>memoriam</span> <span class='ocrx_word' id='word_1_330' title='bbox 2100 4370 2418 4437; x_wconf 89' lang='lat' dir='ltr'>reducant.</span> <span class='ocrx_word' id='word_1_331' title='bbox 2510 4366 2678 4431; x_wconf 84' lang='lat' dir='ltr'>Nam</span> 
     </span>
    </p>
   </div>
  </div>
 </body>
</html>
