3157 5028
1572 319 1673 371 118

472 495 618 576 tem,
662 493 728 556 in
773 513 896 575 qua
939 494 1120 576 poeta
1165 492 1611 574 cogitationem
1656 491 1731 556 de
1774 492 1977 558 forma
2021 491 2293 574 ancipite
2334 490 2496 556 bono
2541 491 2771 555 morta-

473 594 635 658 libus
693 613 913 676 parum
967 595 1110 659 tuta
1162 594 1276 658 illa
1333 594 1489 658 aviis
1544 593 1697 658 locis
1752 594 1837 672 (v.
1886 593 2005 656 777
2048 593 2171 674 sq.)
2222 592 2519 670 illustrat,
2584 610 2774 673 quam

478 695 834 775 Propertius
878 694 942 758 in
988 694 1191 777 Hylae
1235 693 1506 758 carmine
1549 693 1627 776 (I,
1674 695 1781 772 20)
1824 693 2022 775 lepide
2064 692 2338 758 exornat.
2365 727 2439 737 --
2467 692 2585 757 Sed
2631 710 2772 757 cum

476 812 746 876 augurer
789 794 936 872 fore,
1009 795 1116 876 qui
1159 794 1316 858 talia
1367 813 1490 858 non
1535 793 1789 858 seorsim
1836 812 1873 858 a
1916 795 2083 858 certo
2138 791 2408 876 quodam
2465 793 2620 857 certi
2672 813 2775 857 ar-

475 896 758 979 gumenti
823 897 1004 978 poeta
1070 895 1374 978 originem
1438 894 1699 978 duxisse,
1765 894 1871 959 sed
1936 913 2045 976 per
2102 913 2309 961 omnes
2373 895 2575 976 poesis
2622 893 2775 958 fines

477 1015 760 1062 manasse
804 1015 878 1061 ac
927 997 1272 1077 propagata
1315 1014 1442 1059 esse
1487 995 1869 1060 contendant
1927 993 2032 1078 (cf.
2080 995 2199 1059 Leo
2245 995 2286 1059 l.
2322 995 2363 1058 l.
2410 1014 2466 1076 p.
2515 995 2654 1060 165.
2696 1000 2773 1074 7),

478 1097 742 1162 certiora
775 1097 1050 1162 subsidia
1095 1097 1645 1179 circumspicienda
1688 1097 1856 1161 sunt.
1958 1096 2129 1182 Quae
2176 1097 2228 1160 si
2276 1097 2579 1161 seniorem
2624 1097 2777 1161 Phi-

478 1200 810 1263 lostratum
869 1199 1143 1262 laturum
1205 1197 1468 1274 affirmo,
1533 1198 1601 1261 id
1644 1199 1946 1263 miraculo
1998 1217 2127 1263 6336
2179 1198 2412 1280 nequit,
2479 1198 2776 1280 quoniam

477 1301 662 1365 antea
709 1300 834 1364 iam
881 1300 948 1363 in
992 1298 1400 1381 descriptione
1446 1299 1856 1384 Hippolyteae
1900 1300 2196 1382 imaginis
2242 1301 2353 1384 (ΙΙ,
2390 1299 2461 1383 4)
2504 1300 2778 1365 Alexan-

477 1402 687 1466 drinos
719 1402 950 1465 colores
979 1400 1327 1482 suspicatus
1372 1420 1506 1464 sum
1535 1404 1623 1485 (p.
1648 1403 1776 1480 58).
1865 1401 1987 1466 Ubi
2033 1401 2233 1484 igitur
2276 1401 2351 1466 de
2393 1402 2597 1467 herois
2641 1420 2779 1466 cor-

476 1521 622 1586 pore
649 1502 824 1566 foede
853 1502 1198 1567 deformato
1243 1502 1538 1584 exposuit,
1584 1502 1892 1567 exclamat
1935 1502 2068 1566 ille:
2114 1501 2240 1586 φεῦ
2286 1503 2401 1589 τῆς
2446 1496 2639 1584 ὥρας,
2689 1500 2779 1580 ὥς

478 1593 774 1686 ἄτρωτός
828 1625 928 1678 τις
980 1596 1281 1690 ἐλελήθει
1335 1589 1522 1666 ου’σα·
1592 1603 1750 1668 οὐδὲ
1793 1598 1911 1686 γὰρ
1956 1605 2067 1667 νῦν
2108 1602 2465 1668 ἀπολείπει
2508 1599 2587 1668 τό
2634 1627 2778 1686 μει-

481 1705 721 1787 ράκιον,
789 1693 926 1766 ἄλλ’
983 1701 1344 1786 ἐπιπρέπει
1397 1727 1459 1768 τι
1515 1702 1622 1768 καὶ
1674 1707 1821 1782 τοῖς
1861 1699 2222 1787 τραύμασιν
2275 1705 2777 1788 pulchritudini8‚

478 1807 544 1870 in
605 1824 728 1887 qua
785 1804 1184 1870 describenda
1228 1805 1521 1870 Senecam
1577 1807 1843 1870 multum
1905 1825 2032 1872 esse
2087 1806 2375 1885 vidimus,
2443 1806 2778 1872 manifesto

483 1907 788 1971 rationem
853 1907 1120 1981 habens;
1200 1925 1320 1988 quo
1386 1906 1619 1988 pariter
1682 1907 1885 1971 tendit
1931 1907 2230 1972 Chariton
2277 1909 2779 1990 Aphrodisiensis

483 2008 562 2091 (I,
610 2009 671 2089 1)
715 2008 957 2088 praeter
997 2008 1261 2072 aliorum
1311 2008 1565 2072 heroum
1610 2008 2137 2090 pulchritudinem
2183 2009 2597 2093 Hippolytum
2643 2010 2781 2074 lau-

481 2110 655 2187 (13113,
703 2127 842 2172 611111
870 2127 990 2190 quo
1025 2105 1357 2174 Chaeream
1391 2102 1735 2191 μειράκιον
1758 2097 2111 2194 εὔμορφον,
2156 2104 2425 2173 πάντων
2462 2109 2781 2192 ὑπερέχον

484 2211 817 2292 comparet.
907 2210 1116 2292 Atque
1174 2229 1248 2274 ne
1307 2211 1554 2274 tantum
1620 2210 2063 2292 amplificantis
2108 2212 2421 2294 sophistae
2465 2211 2670 2276 lusum
2714 2213 2781 2276 in

481 2313 854 2377 Philostrati
897 2312 1099 2377 verbis
1143 2311 1486 2392 suspiceris,
1554 2311 1787 2392 inspice
1830 2310 2149 2395 Senecam,
2217 2313 2324 2395 qui
2380 2313 2672 2377 nuntium
2715 2313 2782 2377 in

481 2416 601 2480 fine
646 2414 848 2478 tristis
894 2413 1271 2478 narrationis
1317 2412 1767 2477 exclamantem
1813 2412 1966 2477 facit
2020 2432 2077 2478 V.
2128 2415 2316 2478 1110:
2376 2411 2630 2479 ‘hocine
2688 2415 2783 2480 est

482 2518 716 2582 formae
764 2505 1020 2580 decus‘?'
1093 2513 1376 2579 Phaedra
1414 2514 1564 2578 item
1610 2513 2138 2596 pulchritudinem
2180 2516 2453 2598 elapsam
2500 2517 2784 2599 deplorat

484 2639 541 2682 v.
590 2619 753 2682 1173
797 2637 917 2701 sq.:
983 2617 1132 2681 ‘heu
1174 2636 1291 2694 me,
1358 2635 1478 2698 quo
1524 2617 1671 2679 tuus
1717 2615 1883 2698 fugit
1927 2615 2109 2681 decor
2152 2616 2455 2700 Oculique
2496 2613 2784 2684 nostrum

483 2708 730 2783 sidus?'
815 2719 1083 2783 Theseus
1117 2717 1210 2781 ita
1256 2736 1312 2781 v.
1365 2717 1524 2781 1269
1563 2734 1689 2798 sq.:

880 2837 1108 2901 haecne
1141 2831 1263 2901 'illa
1309 2835 1497 2900 facies
1538 2834 1685 2917 igne
1729 2834 1963 2899 sidereo
2010 2835 2212 2900 nitens

879 2938 1134 3001 inimica
1175 2936 1427 3001 flectens
1469 2936 1758 3001 lumina?
1807 2937 1927 3001 huc
1963 2936 2188 3002 cecidit
2231 2937 2457 3004 decor?

485 3060 575 3122 Ex
633 3076 754 3139 quo
812 3056 1080 3121 efficitur
1134 3056 1503 3138 cogiturque
1558 3055 1827 3120 similem
1890 3057 2266 3121 sententiam
2332 3056 2399 3120 in
2453 3057 2785 3139 exemplari

483 3159 802 3222 inventam
856 3176 1001 3240 esse,
1068 3176 1255 3239 quam
1301 3157 1725 3221 Philostratus
1777 3159 2058 3239 picturae
2111 3159 2390 3241 ecphrasi
2436 3178 2787 3224 accommo-

485 3260 677 3324 davit.
752 3293 830 3304 —
903 3258 1192 3323 Fallorne
1235 3278 1315 3322 an
1364 3259 1427 3321 in
1482 3258 1647 3321 hunc
1699 3259 1901 3340 ipsum
1956 3261 2163 3324 locum
2215 3261 2461 3343 egregie
2516 3262 2787 3343 quadrat

487 3362 676 3426 etiam
719 3358 908 3423 illud:
953 3359 1218 3423 formam
1271 3360 1449 3423 breve
1493 3359 1699 3442 exigui
1742 3360 2037 3441 temporis
2078 3361 2309 3425 bonum
2356 3380 2485 3426 esse
2511 3364 2547 3446 ¹,
2595 3381 2785 3444 quam

485 3461 856 3526 sententiam
907 3460 1138 3526 Seneca
1181 3460 1245 3523 in
1291 3459 1534 3525 cantico
1582 3460 1761 3524 modo
1810 3461 2065 3525 laudato
2111 3463 2174 3526 et
2215 3462 2350 3526 illic
2394 3462 2643 3545 quidem
2688 3464 2785 3527 in-

487 3562 805 3627 commode
847 3562 1126 3626 tractat‘?
1174 3562 1259 3643 (v.
1287 3562 1404 3625 761
1436 3566 1576 3643 sq.).
1668 3562 1991 3643 Adspersit
2038 3564 2201 3628 certe
2245 3565 2427 3645 poeta
2466 3564 2786 3629 Romanus

485 3664 629 3727 huic
671 3662 807 3727 loco
851 3663 1090 3727 lumina
1127 3676 1276 3727 ‘vere
1319 3662 1741 3727 Alexandrina
1787 3682 1842 3727 v.
1892 3663 2016 3727 764
2059 3682 2179 3744 sq.:

886 3800 1008 3845 non
1053 3782 1140 3845 sic
1183 3780 1366 3862 prata
1413 3798 1571 3844 novo
1617 3798 1758 3845 vere
1802 3779 2082 3845 decentia

886 3882 1142 3947 aestatis
1185 3881 1423 3945 calidae
1467 3880 1771 3962 despoliat
1817 3900 2026 3962 vapor,

884 3982 1082 4048 saevit
1127 3982 1396 4047 solstitio
1443 4001 1583 4046 cum
1624 3982 1861 4046 medius
1905 3982 2034 4047 dies

886 4086 946 4149 61
990 4084 1198 4149 1166163
1246 4084 1533 4148 brevibus
1578 4082 1994 4165 praecipitant
2036 4084 2217 4165 rotis;

696 4350 712 4380 ¹
753 4348 833 4405 Cf.
872 4349 1164 4433 Tibull31,
1205 4352 1253 4406 4.
1293 4350 1385 4403 36:
1425 4348 1669 4405 ‘formae
1705 4368 1820 4405 non
1856 4351 2032 4405 ullam
2070 4350 2191 4405 fata
2227 4350 2432 4406 dedere
2467 4344 2727 4405 moram'.
