3157 5028
1536 375 1570 426 7

399 544 602 608 ditum
670 545 876 609 cultus
942 543 1248 627 quendam
1317 564 1497 609 usum
1554 565 1843 612 revocare
1908 547 2235 625 studueris,
2302 549 2375 620 ut
2420 547 2706 613 Welcker

396 645 530 728 (Kl.
575 644 833 711 Schrift.
875 646 942 710 II
984 665 1040 728 p.
1083 646 1235 726 472)
1304 647 1655 730 elegantius
1717 667 1905 731 quam
1971 648 2201 713 rectius
2269 648 2425 713 mihi
2489 649 2704 714 fecisse

400 747 664 831 videtur,
727 747 1309 830 interpretationem
1357 751 1575 815 multis
1633 751 2113 817 difficultatibus
2167 751 2552 818 obstructam
2605 751 2705 814 in-

399 848 624 914 venies,
717 849 938 931 Itaque
987 849 1233 914 malunt
1286 851 1476 935 vulgo
1521 871 1578 917 v.
1626 853 1870 917 79—81
1924 871 2033 935 pro
2095 850 2445 918 subditiciis
2500 870 2702 916 remo-

400 969 544 1014 vere
567 951 603 1016 ¹.
690 948 810 1016 Sed
864 950 1136 1032 optimus
1193 952 1452 1035 quisque
1505 955 1689 1035 poeta
1743 954 1904 1018 hanc
1960 953 2079 1018 sibi
2127 951 2471 1018 vindicavit
2513 951 2703 1016 liber-

396 1053 618 1126 tatem,
684 1053 757 1115 ut
809 1053 983 1118 extra
1037 1053 1320 1118 veritatis
1375 1054 1525 1118 fines
1582 1054 2037 1138 quodammodo
2104 1073 2383 1138 egressus
2448 1051 2701 1117 aliunde

397 1153 903 1218 ornamentorum
946 1153 1186 1218 lumina
1247 1153 1650 1235 depromeret,
1724 1156 1949 1238 quibus
2006 1155 2229 1220 audaci
2292 1154 2703 1219 translatione

397 1255 557 1318 hanc
601 1253 798 1320 vitam
845 1257 1184 1320 exornaret.
1271 1255 1496 1338 Itaque
1526 1257 1832 1322 contendo
1862 1256 2146 1339 Euripidi
2180 1274 2427 1338 campos
2459 1255 2701 1338 Elysios

399 1356 758 1420 obversatos
802 1373 948 1438 esse,
994 1356 1060 1421 in
1105 1355 1332 1439 quibus
1371 1375 1512 1422 cum
1558 1357 1758 1422 beatis
1787 1356 1966 1422 flores
1996 1357 2314 1439 decerpere
2343 1358 2405 1422 et
2437 1356 2699 1422 corollas

397 1457 640 1521 nectere
702 1455 930 1522 licebat
952 1459 996 1536 ²,
1077 1458 1214 1522 tum
1275 1457 1370 1536 iis,
1443 1460 1552 1540 qui
1622 1459 1929 1542 mysteriis
1994 1458 2233 1524 initiati
2295 1458 2499 1522 essent
2522 1461 2565 1532 ⁸,
2629 1457 2703 1520 ut

396 1558 666 1622 testatur
711 1557 1148 1640 Aristophanis
1211 1559 1548 1625 scholiasta
1602 1559 1681 1624 ad
1736 1560 1897 1624 Ran.
1949 1579 2008 1624 v.
2056 1561 2209 1624 344:
2281 1554 2523 1641 λειμών
2578 1552 2696 1642 γὰρ

399 1655 738 1724 ἀνάκειται
781 1657 890 1723 καὶ
932 1647 1105 1743 ἄνθη
1149 1658 1450 1741 ἀνειμένα
1493 1663 1637 1736 τοῖς
1678 1653 1952 1742 μύσταις
1996 1658 2063 1724 ἐν
2104 1662 2199 1745 τῷ
2234 1659 2467 1744 πεδίῳ.
2510 1659 2701 1744 δηλοῖ

399 1759 470 1825 δὲ
499 1758 608 1824 καὶ
636 1759 984 1848 Σοφοκλῆς
1028 1761 1177 1844 (frg.
1209 1761 1381 1842 805).
1470 1761 1759 1827 Fortasse
1801 1763 1868 1826 in
1913 1761 2293 1843 Triptolemo
2328 1762 2480 1826 hacc
2525 1760 2703 1837 dixit,

398 1863 498 1927 cui
523 1862 811 1928 Welcker
843 1863 1060 1945 (Trag.
1084 1881 1142 1945 p.
1167 1864 1318 1946 308)
1349 1863 1574 1928 tribuit
1604 1863 1796 1928 etiam
1838 1863 2231 1946 praeclarum
2274 1862 2698 1946 fragmentum

297 2031 302 2034 .
395 1965 517 2029 inc.
565 1965 718 2030 753:

1512 2063 1603 2143 ὥς
1642 2063 1786 2148 τρὶς
1830 2054 2046 2146 ι’)’λβιοι

739 2167 946 2230 κεῖνοι
987 2165 1266 2251 βροτῶν,
1311 2162 1384 2232 οἳ
1418 2169 1630 2230 ταῦτα
1674 2165 2061 2250 δερχθέντες
2100 2165 2252 2252 τέλη

736 2261 988 2350 μόλωσ’
1036 2265 1105 2346 ἐς
1135 2260 1402 2332 Ἅιδου·
1446 2267 1673 2333 τοῖσδε
1712 2263 1831 2350 γὰρ
1874 2263 2105 2351 μόνοις
2148 2267 2284 2334 ἐκεῖ

745 2368 855 2453 ζῆν
901 2364 1062 2449 ἔστι,
1108 2371 1252 2446 τοῖς
1293 2367 1351 2433 δ’
1396 2357 1651 2434 duom
1699 2365 1889 2432 πάντ’
1939 2368 2073 2435 ἐκεῖ
2116 2372 2301 2436 κακοί.

401 2471 612 2538 Etiam
642 2471 811 2538 Ionis
837 2469 1212 2555 Sophocleae
1241 2471 1442 2538 exstat
1473 2471 1894 2556 fragmentum
1929 2471 2129 2555 (297):
2176 2469 2243 2537 ἐν
2272 2467 2432 2550 Διὸς
2460 2465 2702 2559 κήποις

601 2729 621 2761 ¹
659 2728 740 2783 cf.
780 2729 1028 2784 Dindorf
1063 2730 1188 2784 adn.
1220 2728 1292 2783 ad
1328 2728 1462 2782 Eur.
1499 2728 1554 2781 Π
1591 2746 1644 2797 p.
1682 2728 1804 2781 276.
1880 2728 2155 2783 Barthold
2195 2726 2301 2784 Rh.
2336 2728 2478 2783 Mus.
2511 2730 2699 2785 XXXI

398 2835 452 2886 p.
475 2818 580 2870 313
619 2821 676 2871 et
715 2817 847 2871 edit.
874 2816 1136 2871 Wheeler
1172 2817 1208 2870 1.
1246 2818 1283 2869 l.
1320 2834 1374 2886 p.
1418 2819 1502 2872 49.
1552 2844 1619 2855 —
1671 2815 1867 2870 Nauck
1904 2816 2039 2870 Eur.
2086 2816 2245 2871 Stud.
2283 2816 2338 2869 II
2377 2835 2431 2887 p.
2470 2818 2501 2871 6
2548 2819 2701 2873 delet
2728 2880 2739 2884 ,

399 2923 570 2960 unum
602 2922 826 2960 versum
863 2906 934 2960 80
971 2906 1243 2960 medelam
1271 2905 1657 2974 praecedentis
1680 2922 1873 2959 versus
1899 2906 1959 2959 in
1983 2905 2156 2959 dubio
2181 2906 2528 2977 relinquens3
2566 2926 2697 2963 nam

399 2996 639 3049 alteram
677 3012 868 3049 versus
919 2999 1140 3064 partem
1183 2994 1580 3064 interpolatori
1627 2993 1821 3049 deberi
1871 2995 2132 3065 opinatus
2170 2994 2228 3047 in
2267 2996 2447 3049 altera
2482 3013 2587 3065 pro
2623 2996 2701 3049 δι-

401 3078 606 3137 δακτόν
641 3084 812 3138 scribi
848 3085 972 3138 vult
1008 3076 1266 3153 ἄναγνον.
1307 3113 1372 3123 -
1411 3082 1552 3137 Nolo
1590 3088 1777 3137 autem
1817 3087 1993 3138 totam
2023 3084 2405 3151 quaestionem
2436 3084 2544 3139 hoc
2578 3085 2700 3139 loco

397 3177 710 3228 retractare
720 3199 735 3240 ‚-
797 3189 924 3227 cum
979 3172 1138 3227 Gloiil
1197 3172 1289 3239 (de
1343 3172 1607 3241 interpol.
1667 3172 1955 3242 Hippolyt.
2013 3172 2125 3227 fab.
2183 3172 2321 3227 Eur.
2377 3190 2433 3241 p.
2484 3174 2547 3225 15
2595 3173 2698 3242 sq.)

401 3262 660 3316 omnibus
699 3262 1044 3333 argumentis
1083 3262 1379 3331 pensitatis
1423 3261 1548 3315 iure
1584 3261 1686 3315 hos
1723 3279 1915 3316 versus
1953 3262 2132 3315 tuitus
2168 3261 2257 3316 sit.
2330 3262 2433 3316 Ille
2471 3262 2699 3331 quidem

404 3350 654 3405 Porsono
691 3349 846 3411 ὅσοις
880 3371 932 3407 v.
961 3354 1030 3405 79
1068 3352 1126 3405 in
1164 3348 1314 3411 ὅστις
1352 3351 1600 3406 mutanti
1638 3351 2011 3421 adstipulatus
2050 3369 2239 3406 omnes
2264 3351 2697 3406 offensiunculas

404 3440 555 3495 haud
606 3458 886 3510 quaquam
943 3441 1198 3495 removit.
1315 3440 1593 3509 Equidem
1645 3440 1813 3494 aliam
1868 3440 2131 3494 medendi
2186 3440 2337 3494 viam
2394 3439 2699 3509 ingredior.

401 3528 544 3583 Nam
582 3530 770 3584 versui
808 3530 874 3582 81
917 3528 1234 3583 simillimus
1270 3529 1480 3599 legitur
1511 3528 1711 3583 Bacch.
1750 3530 1872 3590 316,
1917 3528 2015 3597 qui
2055 3546 2180 3583 cum
2213 3525 2569 3582 ‘Kirchhoffio
2608 3527 2700 3582 de·

403 3617 598 3672 lendus
636 3622 748 3687 est3
810 3618 1040 3687 irrepsit
1087 3634 1155 3672 ex
1191 3622 1382 3672 nostro
1428 3618 1550 3672 loco
1612 3616 1710 3686 (cf.
1750 3616 1909 3672 Gloel
1946 3617 1983 3670 l.
2023 3618 2099 3684 1.).
2172 3616 2297 3670 Illic
2353 3620 2542 3669 autem
2595 3634 2699 3685 pro

402 3708 617 3776 εἴληχεν
640 3707 849 3776 legitur
873 3707 1101 3772 ἔνεστιν,
1141 3706 1292 3775 quod
1329 3724 1457 3761 cum
1493 3707 1619 3761 aliis
1656 3705 1961 3776 genuinum
2000 3722 2118 3759 esse
2156 3722 2367 3759 censeo,
2440 3705 2699 3773 Amplius

401 3795 480 3849 nil
517 3796 865 3861 mutandum,
903 3795 999 3850 sed
1035 3796 1242 3851 rectius
1277 3796 1807 3866 interpungendum,
1848 3813 1970 3849 cum
2003 3794 2309 3863 asyndeton
2344 3812 2397 3848 v.
2424 3796 2493 3847 79
2528 3792 2700 3847 offen-

402 3884 515 3938 dat.
591 3883 677 3938 Ita
714 3884 890 3953 igitur
913 3884 1077 3938 ‘hunc
1113 3902 1335 3939 versum
1376 3902 1500 3940 cum
1550 3885 1915 3940 antecedente
1960 3884 2257 3954 coniung0,
2299 3882 2456 3952 quasi
2495 3876 2704 3941 τούτοις

401 3971 780 4041 interciderit3
843 3990 952 4040 qua
1007 3973 1226 4027 ratione
1280 3978 1403 4028 tota
1459 3974 1763 4043 allegorica
1816 3974 2113 4028 translatio
2169 3972 2421 4041 perfecta
2474 3972 2695 4027 demum

402 4060 676 4115 redditur.
750 4060 967 4115 Deinde
1001 4066 1236 4131 perapte
1272 4062 1698 4132 interpungitur
1733 4065 1864 4131 post
1899 4058 2053 4133 ὁμῶς
2088 4079 2141 4114 v.
2178 4063 2264 4114 80.

603 4150 624 4182 ²
667 4149 748 4204 Cf.
797 4149 955 4203 Pind.
1004 4149 1087 4204 01.
1125 4151 1198 4214 ΙΙ,
1246 4152 1317 4204 74
1361 4151 1528 4220 (135).
1582 4151 1690 4221 frg.
1751 4152 1867 4204 106.
1920 4152 2021 4203 107
2063 4149 2124 4204 Β.
2198 4148 2404 4203 Tibull.
2441 4149 2486 4210 Ι,
2525 4150 2573 4202 3.
2614 4149 2701 4201 66.

403 4258 455 4295 v.
481 4240 578 4294 61:
628 4236 769 4294 ‘fert
808 4240 1014 4294 casiam
1054 4258 1167 4294 non
1205 4242 1358 4295 culta
1381 4236 1583 4311 seges’.
1656 4239 1819 4294 Plato
1856 4238 2089 4294 Axioch.
2130 4240 2196 4292 37
2208 4240 2307 4292 lc:
2347 4244 2597 4291 παντοῖοι
2637 4237 2700 4291 δὲ

402 4330 665 4404 λειμῶνες
698 4321 898 4381 ἄνθεσι
935 4331 1201 4388 ποικίλοις
1235 4322 1593 4399 ἔαριζόμενοι.
1670 4327 1753 4382 Cf.
1790 4327 2046 4396 Propert.
2086 4326 2151 4393 V,
2188 4328 2239 4379 7.
2278 4326 2348 4379 59
2374 4342 2455 4394 sq.

605 4418 627 4451 ³
667 4416 750 4471 cf.
789 4416 947 4473 Pind.
990 4417 1099 4491 frg.
1143 4419 1242 4473 114
1279 4417 1342 4474 Β.
1389 4416 1552 4474 Plato
1590 4418 1626 4473 l.
1662 4418 1698 4472 l.
1741 4416 1968 4471 Lobeck
2004 4415 2041 4470 l.
2081 4415 2116 4468 l.
2154 4432 2209 4487 p.
2250 4414 2321 4470 69
2345 4432 2426 4485 sq.
