3157 5028
2201 267 2230 294 p

1509 321 1581 377 55

387 491 693 558 Troezene
735 494 982 558 demum
1028 495 1385 578 privignum
1430 495 1809 577 conspexisse
1853 497 1914 560 et
1962 515 2171 562 amore
2214 497 2515 562 exarsisse
2536 499 2574 576 ¹,
2618 497 2686 562 in

385 611 456 657 ea
505 613 573 658 re
617 595 1063 677 Asclepiadem,
1126 595 1232 678 qui
1273 594 1524 675 dicitur,
1594 597 1656 659 et
1711 595 2053 660 Diodorum
2124 597 2489 680 diligentius
2552 598 2686 680 ipso

384 695 718 777 Euripideo
765 697 1022 778 prologo
1070 715 1209 760 usos
1250 715 1377 762 esse
1422 697 1845 779 cognovimus

586 794 756 861 Satis
799 815 1104 879 superque
1145 796 1386 874 sudavi,
1435 797 1506 860 ut
1551 797 1715 860 certe
1756 797 1986 863 derisui
2027 797 2277 863 futurus
2310 819 2501 864 essem
2534 799 2688 863 Plu-

382 895 605 960 tarcho
671 895 992 960 obicienti:
1073 891 1206 972 Τὰς
1253 893 1324 960 δὲ
1369 895 1526 979 περὶ
1567 897 1812 983 ταύτην
1870 899 1981 980 (se.
2031 897 2347 982 Φαίδραν)
2406 898 2514 963 καὶ
2568 894 2685 963 τὸν

382 989 526 1059 υἱὸν
577 986 782 1060 αὐτοῦ
827 994 1189 1076 δυστυχίας,
1257 995 1404 1062 ἐπεὶ
1445 996 1645 1082 μηδὲν
1684 990 2066 1065 ἀντιπίπτει
2111 995 2291 1082 παρὰ
2334 1003 2467 1064 τῶν
2510 993 2687 1065 ἱστο-

381 1098 578 1180 ρικῶν
626 1099 768 1174 τοῖς
810 1101 1157 1180 τραγικοῖς,
1207 1092 1417 1175 οὕτως
1458 1094 1630 1178 ἔχειν
1674 1099 1931 1182 θετέον,
1978 1094 2071 1178 ὥς
2116 1099 2351 1166 ἐκεῖνοι
2396 1095 2683 1186 πεποιή-

379 1221 568 1262 κασιν
630 1192 914 1275 ἅπαντες
977 1199 1184 1284 (TheS.
1245 1219 1296 1265 c.
1349 1201 1676 1280 XXVIII).
1785 1202 1903 1267 Sed
1964 1202 2043 1268 do
2096 1187 2373 1284 veniam,
2438 1223 2587 1268 nam
2645 1224 2683 1270 a

377 1299 556 1364 nobis
599 1299 992 1382 aliquantulo
1029 1301 1165 1384 plus
1209 1301 1556 1384 flagitatur,
1604 1322 1790 1385 quam
1838 1321 1958 1385 quo
2004 1303 2250 1386 antiqui
2301 1305 2683 1372 litteratores

379 1398 659 1465 contenti
703 1400 899 1465 erant.

1474 2113 1578 2181 ΙΙ.

569 2300 667 2365 Ad
714 2301 952 2366 maiora
996 2302 1310 2384 accingor.
1395 2301 1559 2366 Nam
1604 2301 1815 2384 palma
1858 2301 1936 2366 iis
1978 2301 2337 2384 deroganda
2384 2302 2521 2384 erit,
2567 2301 2673 2384 qui

372 2403 528 2467 satis
572 2401 906 2468 habuerint
962 2422 1029 2467 ex
1089 2402 1319 2467 vilibus
1374 2404 1621 2467 nostrae
1676 2402 1925 2466 fabulae
1982 2403 2323 2467 historiolis
2366 2402 2675 2485 colligere,

369 2524 528 2587 quae
571 2503 651 2569 ad
695 2503 1068 2569 cothurnum
1114 2503 1517 2586 Euripideum
1565 2504 1939 2586 pertineant.
2025 2504 2226 2569 Immo
2272 2504 2339 2569 in
2369 2503 2673 2587 profundo

367 2605 600 2669 veritas
645 2605 942 2670 demersa.
1030 2606 1256 2689 Itaque
1299 2607 1379 2671 ad
1424 2605 1915 2670 Alexandrinam
1960 2606 2178 2684 artem,
2242 2606 2468 2688 quippe
2512 2622 2673 2687 quae

369 2705 604 2771 Graeco
651 2706 713 2771 et
757 2706 1039 2771 Romano
1085 2707 1389 2771 cothurno
1434 2706 1706 2770 mediam
1753 2724 1817 2770 se
1861 2706 2238 2788 interponat,
2310 2704 2672 2788 progredior

365 2807 615 2871 tantum
661 2806 978 2888 praefatus
1042 2806 1110 2870 in
1155 2806 1432 2871 obscuris
1487 2805 1584 2869 his
1641 2805 1997 2889 regionibus
2042 2806 2407 2870 circuitione
2452 2806 2514 2869 et
2558 2824 2671 2869 an-

366 2907 573 2972 fractu
619 2924 1052 2989 saepenumero
1099 2926 1251 2990 opus
1295 2926 1441 2987 esse,
1515 2924 1669 2970 cum·
1702 2907 2083 2972 carminibus
2125 2907 2277 2989 ipsis
2320 2908 2672 2988 temporum

365 3006 606 3072 invidia
651 3025 792 3071 raro
836 3006 1194 3088 pepercerit,
1261 3006 1617 3089 fragmenta
1660 3006 2037 3087 paucissima
2081 3007 2334 3085 restent,
2400 3005 2671 3071 recentes

368 3106 800 3190 compilatores
853 3105 1044 3171 libere
1095 3106 1214 3172 sibi
1271 3106 1666 3172 indulserint.
1753 3106 2113 3172 Proximum
2159 3108 2368 3171 autem
2420 3107 2533 3188 est,
2599 3106 2671 3169 ut
2740 3156 2749 3163 .

368 3225 566 3290 pauca
625 3206 820 3288 ipsius
860 3206 1274 3289 Hippolyteae
1331 3206 1582 3272 fabulae
1636 3207 1922 3290 vestigia,
1991 3226 2149 3289 quae
2193 3207 2357 3290 apud
2398 3206 2670 3271 Alexan-

369 3308 579 3372 drinos
622 3306 882 3385 lateant,
928 3307 1377 3372 examInentur.
1462 3307 1765 3372 Exordior
1817 3308 2017 3390 igitur
2062 3309 2140 3372 ab
2186 3308 2410 3373 Ovidio
2457 3326 2670 3372 aemu-

365 3407 566 3473 latore
630 3405 1214 3481 Alexandrinorum‚
1282 3407 1390 3489 qui
1445 3408 1595 3472 Met.
1640 3407 1779 3487 XV,
1846 3408 1972 3471 492
2017 3426 2106 3489 sq.
2153 3408 2443 3472 Virbium
2509 3406 2671 3471 The-

369 3510 565 3573 seium
604 3509 873 3589 heroem,
916 3527 1098 3591 quem
1139 3508 1312 3591 dicit,
1358 3509 1490 3573 fata
1533 3528 1647 3573 sua
1678 3508 1940 3591 Egeriae
1970 3507 2278 3591 nymphae
2308 3507 2665 3571 narrantem

364 3610 629 3690 inducit,
680 3610 988 3692 quomodo
1033 3628 1295 3675 noverca
1338 3611 1542 3693 ipsum
1588 3627 1834 3692 pessum
1879 3609 2135 3689 dederit,
2207 3608 2411 3673 Diana
2454 3606 2665 3672 autem

571 3828 590 3859 ¹
628 3827 784 3882 Idem
831 3827 1164 3881 Troezenios
1217 3844 1451 3882 narrare
1495 3819 1801 3882 Pausanias
1860 3826 1927 3893 (Ι,
1966 3829 2052 3880 22.
2090 3816 2148 3897 2)
2206 3843 2333 3881 cum
2385 3826 2669 3897 gravitate

369 3916 609 3985 quadam
649 3914 913 3983 affirmat,
973 3920 1038 3968 ut
1088 3916 1339 3984 putarim
1393 3920 1681 3970 auctorem
1732 3915 1803 3971 ab
1862 3916 1979 3969 illo·
2019 3915 2365 3985 descriptum
2419 3916 2525 3969 hoc
2575 3932 2666 3969 ex-

367 4004 572 4073 pressis
620 4003 808 4058 verbis
853 4003 1194 4072 Euripideae
1239 4004 1571 4073 narrationi,
1621 4022 1789 4073 quam
1833 4004 2135 4059 Pausanias
2180 4003 2371 4072 paullo
2420 4005 2551 4057 ante
2596 4002 2663 4071 (Ι,

367 4094 452 4145 22.
494 4096 519 4143 1
580 4087 612 4145 ὅ
649 4110 706 4143 τε
745 4092 878 4161 ἔρως
915 4092 1006 4157 τῆς
1039 4092 1288 4159 Φαίδρας
1335 4098 1427 4145 καὶ
1469 4093 1562 4159 τῆς
1605 4094 1815 4164 τροφοῦ
1860 4089 1919 4145 τὸ
1969 4092 2024 4151 ἐς
2069 4088 2169 4157 τὴν
2214 4076 2499 4145 διακονίάν
2542 4083 2660 4141 τόλ-

366 4182 548 4250 μημα)
587 4179 880 4234 manifesto
918 4185 1048 4233 ante
1085 4180 1272 4235 oculos
1311 4180 1573 4248 habebat,
1614 4181 1950 4251 opposuisse.
1991 4209 2057 4219 —
2095 4182 2177 4233 At
2214 4180 2262 4233 si
2296 4177 2665 4247 Aristophani

368 4267 606 4323 confisus
642 4270 714 4323 de
744 4270 1178 4339 interpolatione
1214 4270 1273 4323 in
1304 4270 1612 4341 Euripideo
1648 4272 1882 4342 prologo
1921 4271 2154 4341 cogitas,
2204 4268 2322 4324 fere
2370 4266 2664 4323 dimidiam

365 4357 589 4428 prolog-i
624 4360 844 4427 partem
877 4374 1196 4429 expungere
1231 4358 1415 4414 debes.
