3157 5028
1402 371 1505 426 109

300 543 449 610 dum
494 544 694 611 sedati
739 545 1137 625 renovantur,
1177 543 1327 609 dum
1373 544 1440 610 in
1485 564 1554 610 eo
1604 545 1714 623 est,
1759 546 1832 609 ut
1874 545 1953 611 ad
1985 563 2220 612 venena
2250 544 2603 628 confugiat3

297 644 431 711 sola
475 645 604 710 orci
649 645 944 710 terricula
989 645 1474 729 formidinesque
1519 646 1582 710 et
1630 644 1808 711 lucis.
1832 646 2143 728 cupiditas
2188 645 2501 711 blanditer
2536 645 2604 712 in

297 746 629 812 iuvenilem
693 747 970 812 animum
1039 745 1302 811 influens
1364 747 1575 811 omnia
1634 746 1941 811 moriendi
1985 747 2244 812 consilia
2285 746 2607 829 propulsat

250 843 262 851 ’
297 867 356 912 v.
403 849 526 912 802
567 867 658 931 sq.
694 883 764 894 —
801 847 1014 913 Ovidii
1057 847 1328 929 Byblida
1375 846 1821 931 Myrrhamque
1862 848 2072 912 tenere
2118 847 2411 928 videaris3
2456 867 2603 912 nam

296 948 362 1011 in
409 967 478 1013 eo
524 967 768 1031 quoque
807 947 955 1012 illae
999 947 1276 1030 virgines
1321 948 1577 1014 eandem
1634 947 1941 1013 rationem
1993 948 2367 1031 sequuntur,
2440 948 2605 1031 quod

298 1049 364 1113 in
429 1049 703 1114 consiliis
771 1067 980 1114 secum
1048 1048 1464 1129 ponderandis
1531 1049 1733 1131 primo
1800 1047 1937 1113 loco
1988 1048 2141 1113 iusti
2199 1067 2272 1113 ac
2332 1049 2603 1132 legitimi

299 1149 572 1214 calculos
637 1149 1011 1238 subducunt,
1077 1148 1300 1214 deinde
1365 1149 1446 1214 ad
1511 1149 1741 1215 illicita
1810 1148 2090 1232 consilia,
2153 1169 2313 1232 quae
2353 1149 2608 1214 efferata

300 1249 495 1316 libido
561 1269 802 1332 semper
858 1251 1106 1332 praesto
1166 1249 1374 1332 habet,
1436 1250 1835 1317 descendunt.
1923 1251 2199 1334 Uterque
2240 1253 2479 1328 autem,
2548 1250 2610 1315 et

300 1353 483 1433 poeta
533 1351 850 1417 Romanus
914 1350 1084 1432 (Met.
1131 1352 1210 1429 X,
1255 1351 1376 1416 372
1422 1349 1543 1435 sq.)
1593 1352 1654 1416 et
1701 1350 1973 1418 Graecus
2016 1353 2099 1432 (v.
2149 1352 2268 1417 755
2315 1349 2453 1435 sq.),
2512 1352 2609 1434 ip-

301 1473 434 1519 sam
491 1451 770 1535 suspensi
824 1453 1020 1517 animi
1075 1453 1544 1518 fluctuationem
1607 1452 1801 1517 simili
1847 1453 2148 1531 illustrat,
2210 1453 2375 1536 quod
2442 1452 2608 1517 idem

302 1555 496 1620 animi
563 1554 901 1619 affectuum
974 1553 1246 1619 dilucide
1322 1547 1853 1636 depingendorum
1924 1554 2205 1618 studium
2276 1554 2608 1619 manifesto

302 1656 592 1722 ostendit.
680 1654 927 1720 Similia
989 1659 1196 1720 autem
1271 1654 1587 1738 similique
1658 1654 1902 1719 ratione
1972 1654 2269 1719 exornata
2332 1652 2607 1736 exempla
2678 1691 2683 1694 ·

301 1775 654 1822 sermonum
714 1755 1121 1832 internorum,
1191 1755 1415 1837 quibus
1469 1756 1753 1820 amantes
1810 1755 2111 1821 sollicitos
2156 1755 2397 1821 animos
2444 1754 2607 1820 rela-

301 1860 466 1938 xent,
511 1859 727 1940 poetae
757 1855 1198 1938 Panopolitani
1231 1856 1611 1940 Dionysiaca
1656 1856 1992 1921 excutienti
2034 1857 2153 1922 tibi
2198 1856 2364 1922 haud
2410 1875 2607 1939 pauca

302 1961 637 2025 offerentur
665 1962 702 2024 ¹.

499 2060 635 2126 Iam
696 2059 952 2142 longam
1026 2078 1099 2124 ac
1161 2059 1475 2142 spinosam
1543 2060 1612 2124 at
1676 2059 1846 2125 haud
1910 2059 2366 2125 infructuosam
2418 2060 2606 2139 viam,

304 2182 428 2245 qua
468 2160 842 2239 refellebam,
891 2179 1050 2243 quae
1091 2162 1232 2243 quis
1281 2161 1494 2226 forsan
1538 2160 2042 2226 contradicturus
2084 2161 2259 2241 esset,
2308 2162 2609 2243 permensi

302 2263 644 2345 paratiores
689 2262 918 2327 erimus
961 2261 1042 2326 ad
1084 2261 1539 2328 aestimandam
1584 2265 1751 2326 recto
1806 2262 2037 2328 iudicio
2094 2261 2370 2327 fabulam
2430 2280 2608 2326 ama-

302 2364 533 2428 toriam
599 2363 666 2428 in
729 2363 966 2427 decimo
1035 2361 1290 2444 Apuleii
1358 2361 1941 2444 Metamorphoseon
2010 2363 2168 2428 libro
2234 2362 2608 2442 exstantem,

306 2484 465 2548 quae
509 2465 589 2530 ad
636 2463 932 2530 Senecam
1001 2463 1255 2546 eiusque
1323 2463 1637 2547 exemplar
1701 2482 1813 2529 nos
1878 2464 2129 2530 reducet
2184 2481 2258 2531 ac
2300 2462 2421 2529 toti
2462 2463 2610 2529 huic

307 2566 654 2649 quaestioni
701 2565 879 2649 quasi
922 2565 1248 2648 fastigium
1296 2564 1669 2646 impositura
1713 2566 1841 2629 est.·
1893 2600 1973 2611 --
2028 2566 2265 2649 Agitur
2309 2564 2384 2629 de
2425 2564 2608 2631 fatali

308 2685 606 2733 novercae
670 2685 879 2732 amore
951 2667 1016 2730 in
1087 2666 1468 2748 privignum,
1534 2685 1718 2748 quem
1792 2667 1861 2730 ut
1926 2685 2139 2731 verum
2194 2664 2608 2748 Hippolytum

302 2762 318 2785 ‘
348 2768 536 2850 probe
597 2766 950 2848 litteratum
1018 2768 1208 2849 atque
1281 2768 1359 2831 ob
1418 2767 1483 2831 id
1540 2768 1984 2849 consequenter
2028 2768 2261 2849 pietate
2302 2766 2609 2831 modestia

303 2858 738 2951 praecipuum.³
782 2867 1048 2949 scriptor
1094 2868 1442 2932 introducit
1504 2868 1585 2948 (c.
1627 2867 1749 2945 II);
1810 2886 2073 2933 noverca
2128 2865 2362 2933 ‘forma
2406 2867 2610 2950 magis

305 2988 496 3052 quam
557 2969 832 3035 moribus
896 2970 963 3033 in
1031 2970 1213 3033 domo
1280 2968 1495 3033 mariti
1559 2958 1976 3050 praepollens'
2039 2970 2149 3033 est.
2247 2970 2347 3033 Ita
2412 2967 2611 3051 igitur

305 3071 608 3153 Apuleius
661 3070 902 3135 narrat:
965 3064 1120 3135 ‘Sed
1186 3070 1408 3134 mulier
1459 3068 1570 3133 illa
1628 3088 1817 3152 quam
1870 3068 1978 3133 diu
2022 3070 2239 3151 primis
2294 3068 2611 3134 alimentis

307 3170 546 3253 Cupido
591 3170 885 3253 parvulus
931 3170 1342 3248 nutriebatur,
1389 3169 1695 3234 inbecillis
1722 3170 1925 3235 adhuc
1968 3170 2099 3235 eius
2142 3170 2379 3235 viribus
2426 3170 2611 3236 facile

304 3274 593 3337 ruborem
657 3272 907 3336 tenuem
971 3272 1320 3353 deprimens
1374 3271 1623 3336 silentio
1682 3273 2026 3336 resistebat.
2115 3272 2205 3336 At
2270 3272 2377 3337 ubi
2441 3290 2610 3337 com-

308 3373 492 3455 pletis
531 3373 678 3455 igne
723 3390 986 3438 vaesano
1033 3372 1187 3437 totis
1231 3372 1609 3454 praecordiis
1652 3372 1984 3437 immodice
2030 3372 2372 3437 bacchatus
2420 3374 2611 3437 Amor

305 3473 726 3550 exaestuabat,
773 3473 1076 3538 saevienti
1120 3472 1230 3537 deo
1276 3473 1403 3538 iam
1449 3474 1795 3548 succubuit,
1866 3474 1926 3537 et
1971 3472 2272 3555 languore
2316 3474 2609 3538 simulato

305 3574 532 3640 vulnus
576 3574 771 3639 animi
815 3575 1118 3640 mentitur
1157 3574 1223 3639 in
1268 3574 1539 3657 corporis
1591 3574 1947 3667 valetudine
1963 3576 2007 3639 2.
2077 3575 2217 3640 Iam
2262 3576 2465 3639 cetera
2510 3592 2610 3637 sa-

307 3676 458 3741 lutis
519 3676 856 3759 vultusque
910 3675 1284 3740 detrimenta
1337 3677 1398 3740 et
1452 3677 1657 3757 aegris
1711 3678 1773 3740 et
1827 3674 2185 3741 amantibus
2239 3673 2606 3740 examussim

305 3776 632 3842 convenire
678 3796 855 3843 nemo
910 3778 1018 3860 qui
1059 3777 1324 3842 nesciat:
1391 3776 1592 3859 pallor
1651 3776 1961 3859 deformiS,
2026 3776 2373 3841 marcentes
2428 3774 2611 3857 oculi,

304 3879 470 3943 lassa
515 3896 737 3961 genua,
782 3879 954 3960 quies
997 3878 1254 3943 turbida
1299 3879 1360 3943 et
1391 3878 1723 3960 suspiritus
1758 3878 2071 3943 cruciatus
2102 3877 2404 3942 tarditate
2434 3876 2609 3940 vehe-

309 3975 622 4043 mentior'.
668 3979 743 4043 In
771 3979 1166 4062 sequentibus
1199 3979 1410 4061 paullo
1442 3979 1691 4043 uberius
1723 3978 1971 4061 exponit
2000 3977 2074 4043 de
2118 3978 2380 4060 propriis
2410 3976 2611 4040 morbi

307 4079 493 4158 notiS,
561 4098 744 4163 quem
784 4074 1196 4145 ‘medicorum
1241 4081 1499 4163 ignarae
1544 4070 1814 4145 mentes'
1860 4098 1979 4145 non
2025 4078 2461 4162 perspexerint.
2530 4112 2605 4121 —-

517 4318 534 4351 ¹
573 4316 655 4373 cf.
695 4336 780 4373 ex.
821 4337 907 4389 gr.
943 4318 1199 4385 XXXIV,
1236 4321 1270 4373 8
1304 4336 1384 4389 sq.
1425 4320 1526 4373 103
1563 4337 1646 4388 sq.

521 4410 543 4440 ²
579 4405 591 4423 ‘
608 4404 1018 4463 Valetudinem'
1036 4420 1044 4432 ’
1061 4408 1300 4463 coniecit
1334 4407 1682 4476 Bernhardy.
