3157 5028
1646 389 1717 444 30

527 561 896 627 vocantibus
931 563 969 625 ¹.
1049 559 1173 625 Leo
1221 561 1468 643 quidem
1514 580 1583 626 eo
1615 579 1973 644 progressus
2010 560 2104 625 est
2140 561 2225 642 (p.
2252 557 2422 643 178),
2469 559 2541 623 ut
2584 580 2653 625 ex
2700 579 2833 625 sar-

533 663 829 746 cophagis
892 662 1288 727 concluderet
1356 663 1421 726 in
1481 663 1685 743 priore
1727 661 1959 746 sabula,
1984 661 2324 744 Hippolyto
2369 679 2477 743 per
2524 661 2833 725 nutricem

526 782 564 828 a
607 762 890 828 Phaedra
954 761 1199 828 litteras
1262 761 1483 828 missas
1549 781 1697 845 esse,
1757 763 1979 844 quibus
2036 762 2343 844 colloquio
2398 760 2563 825 inter
2608 780 2832 827 nover-

528 883 667 929 cam
735 864 799 928 et
854 862 1212 945 privignum
1278 863 1735 946 proluderetur3
1792 881 2211 946 praepropere,
2258 864 2329 927 ut
2373 862 2829 930 demonstrabO.

525 964 692 1030 Nam
737 962 906 1029 haud
946 963 1200 1043 abnues,
1266 963 1372 1029 ubi
1418 965 1498 1029 ad
1542 983 1853 1030 summam
1913 965 2109 1030 totius
2152 965 2555 1047 tragoediae,
2598 965 2830 1029 amoris

527 1065 991 1147 confessionem,
1061 1065 1317 1130 ventum
1379 1066 1490 1145 est,
1558 1085 1778 1148 parum
1844 1067 1989 1148 apte
2050 1065 2293 1131 decurri
2342 1065 2420 1130 ad
2466 1065 2830 1147 epistulam3

525 1185 725 1232 sermo
769 1167 832 1232 et
870 1166 1034 1231 actio
1078 1165 1384 1231 dramatis
1435 1167 1609 1232 nervi
1650 1172 1813 1232 sunt.
1862 1168 2062 1232 Aliter
2104 1187 2201 1232 res
2245 1185 2309 1231 se
2351 1167 2538 1231 habet
2579 1167 2645 1230 in
2691 1183 2831 1231 car-

526 1268 800 1333 minibus
865 1268 1177 1350 elegiaciS,
1235 1267 1297 1332 in
1367 1268 1593 1350 quibus
1651 1288 1689 1333 a
1755 1267 1952 1350 poetis
1998 1267 2435 1332 Alexandrinis
2492 1267 2829 1349 epistulam

527 1369 872 1434 adhibitam
917 1387 1046 1433 esse
1089 1387 1264 1454 spero
1309 1387 1407 1432 me
1450 1369 1665 1450 postea
1707 1369 2015 1452 probabili
2056 1369 2413 1434 coniectura
2438 1368 2830 1433 demonstra-

526 1470 738 1534 turum
784 1489 930 1534 esse.
974 1469 1251 1548 Accedit,
1297 1468 1462 1551 quod
1505 1470 1756 1534 litterae
1799 1488 2191 1552 nequaquam
2234 1471 2300 1534 in
2356 1469 2641 1534 omnibus
2692 1488 2827 1533 sar-

528 1571 825 1654 cophagis
867 1569 1272 1634 inveniuntur
1303 1571 1347 1631 ².
1459 1568 1599 1648 Sed,
1656 1569 1820 1652 quod
1862 1589 1991 1640 rem
2038 1570 2332 1648 continet,
2374 1570 2475 1635 fac
2518 1571 2824 1635 nutricem

525 1671 757 1736 litteris
799 1670 1128 1737 afferendis
1175 1671 1410 1735 incesto
1457 1672 1736 1754 sequenti
1782 1671 2090 1754 colloquio
2134 1670 2493 1754 prolusisse3
2520 1671 2647 1735 iam
2673 1689 2827 1752 quo-

527 1792 672 1838 nam
719 1773 901 1838 vultu
945 1771 1252 1854 modoque
1309 1772 1424 1836 tibi
1489 1772 1681 1855 finges
1738 1773 2151 1856 Hippolytum
2195 1774 2593 1854 accepturum
2638 1771 2827 1836 fuisse

528 1871 926 1939 Phaedram?
983 1871 1172 1955 Num,
1229 1873 1302 1937 ut
1346 1872 1613 1938 Senecae
1656 1873 2053 1956 HippolytuS,
2111 1873 2312 1938 hilaro
2357 1874 2534 1938 vultu
2576 1873 2827 1938 honori-

525 1974 641 2039 fice
684 1975 756 2038 ut
800 1975 1064 2039 matrem
1109 1993 1190 2039 an
1233 1974 1404 2039 tristi
1451 1975 1657 2057 potius
1697 1975 2138 2040 contumeliose
2182 1978 2254 2040 ut
2298 1975 2621 2041 scortum?
2693 1974 2827 2039 Aut

528 2075 879 2140 Phaedram
945 2094 1214 2140 amorem
1276 2075 1404 2141 iam
1464 2075 1715 2159 fassam,
1785 2096 2088 2160 quaenam
2150 2076 2557 2159 suspicaberis
2612 2074 2827 2141 blandi

529 2176 790 2260 alloquii
819 2175 1126 2243 lenocinia
1157 2178 1653 2260 excogitaturam
1698 2178 1906 2261 fuisse,
1949 2177 2169 2261 quibus
2212 2177 2487 2260 privigni
2527 2177 2825 2241 virtutem

528 2279 958 2361 expugnaret?
1051 2278 1312 2343 Minime
1373 2279 1606 2358 eadem,
1676 2298 1833 2361 quae
1897 2279 2061 2361 apud
2128 2279 2455 2356 Senecam,
2518 2295 2683 2356 nam,
2750 2295 2826 2340 ne

527 2381 727 2462 plura,
771 2380 973 2462 poeta,
1018 2380 1126 2463 qui
1167 2381 1412 2446 litteras
1454 2381 1767 2458 insereret,
1830 2380 2030 2446 totam
2076 2399 2363 2445 scaenam
2406 2397 2654 2462 prorsus
2698 2377 2825 2443 alia

423 2516 429 2521 ·
527 2481 768 2547 ratione
827 2482 1016 2565 atque
1078 2480 1186 2547 ille
1249 2482 1635 2548 conformare
1678 2481 1911 2562 debuit,
1967 2501 2155 2565 quam
2201 2483 2272 2547 ut
2316 2481 2656 2564 excogitem
2700 2498 2825 2546 non

527 2582 682 2648 satis
724 2585 906 2664 poeta
950 2601 1107 2647 sum.
1193 2584 1313 2650 Leo
1360 2585 1569 2649 autem
1612 2584 1742 2666 ipse
1798 2584 2129 2650 confitetur
2182 2584 2429 2668 poetam
2470 2583 2824 2648 Romanum

525 2684 593 2749 in
635 2684 754 2749 hac
795 2702 1018 2749 scaena
1060 2684 1410 2750 exornanda
1449 2683 1531 2749 ad
1576 2702 1701 2749 non
1744 2686 2067 2769 vulgarem
2112 2683 2435 2750 escendere
2476 2683 2823 2766 pulchritu-

529 2786 734 2852 dinem
803 2804 1142 2870 verumque
1223 2787 1559 2852 affectuum
1626 2786 1923 2869 vigorem.
2066 2785 2489 2851 Aestheticam
2560 2786 2823 2867 denique

529 2890 809 2953 nostram
875 2888 1420 2953 ratiocinationem
1490 2906 1613 2951 non
1683 2888 1898 2970 magni
1957 2887 2319 2970 pendentem
2377 2886 2593 2970 delego
2638 2886 2701 2951 te
2744 2886 2823 2951 ad

528 2990 779 3055 Racinii
841 2990 1106 3073 politum
1172 2988 1585 3069 limatumque
1648 2986 1968 3063 iudicium,
2023 2989 2238 3070 utpote
2302 2987 2411 3071 qui
2457 3006 2578 3051 non
2621 2988 2823 3051 solum

526 3089 780 3171 singula
826 3090 892 3154 in
939 3090 1150 3156 eodem
1197 3089 1502 3171 colloquio
1545 3088 1919 3153 illustrando
1964 3108 2033 3153 ex
2077 3086 2403 3171 tragoedia
2433 3087 2716 3152 Romana
2758 3086 2822 3151 in

526 3210 703 3257 suam
745 3190 1097 3257 Phaedram
1162 3189 1575 3267 transtulerit,
1653 3208 1864 3255 verum
1934 3192 2121 3255 etiam
2190 3190 2399 3272 capita
2441 3188 2619 3253 illinc
2670 3206 2825 3252 non-

528 3292 702 3357 nulla
745 3292 1073 3356 mutuatus
1117 3290 1218 3370 sit,
1267 3292 1536 3373 optimus
1580 3290 1689 3355 ille
1730 3291 2031 3372 tanquam
2078 3309 2335 3373 sponsor
2382 3289 2612 3373 tragici
2642 3287 2825 3352 huius

526 3408 784 3457 scaenae
849 3390 1205 3475 Graecoque
1270 3392 1604 3473 exemplari
1662 3410 1803 3456 vere
1868 3391 2046 3474 digni
2111 3390 2417 3474 ponderis.
2472 3426 2539 3435 ——·
2590 3389 2826 3470 Quibus

527 3493 788 3575 prolatis
851 3492 1018 3558 haud
1086 3510 1399 3574 quaquam
1452 3492 1585 3555 veri
1628 3490 1829 3556 simile
1890 3493 1982 3557 est
2023 3492 2484 3574 praecedentem
2537 3509 2823 3556 scaenam

528 3612 587 3657 v.
636 3594 759 3658 431
801 3612 916 3676 sq.,
966 3612 1123 3675 quae
1167 3592 1471 3657 nutricem
1517 3593 1689 3657 casto
1754 3592 1962 3657 iuveni
2006 3593 2473 3675 persuadentem
2534 3592 2822 3670 ostendit,

528 3694 600 3757 ut
639 3712 942 3759 annorum
1003 3711 1240 3758 memor
1303 3694 1574 3757 mentem
1640 3694 1923 3758 relaxans
1967 3693 2211 3758 tristem
2257 3694 2578 3759 iuventam
2622 3693 2826 3758 solvat

530 3812 681 3860 neve
723 3794 910 3859 viduo
953 3795 1090 3859 toro
1142 3794 1362 3871 iaceat,
1421 3794 1626 3859 totam
1689 3814 1758 3859 ex
1814 3793 2081 3860 Senecae
2124 3794 2373 3862 officina
2419 3795 2709 3878 prodisse,
2756 3793 2828 3858 ut

740 4067 761 4098 ²
799 4064 860 4120 Ο.
899 4064 1049 4119 Jahn
1083 4064 1253 4119 Arch.
1291 4064 1464 4118 Beitr.
1516 4080 1572 4133 p.
1608 4066 1714 4117 322
1762 4063 1977 4119 frustra
2024 4065 2247 4119 laborat
2287 4066 2348 4119 in
2398 4062 2825 4118 difficultatibus

529 4152 896 4208 removendis.

732 4240 754 4273 ²
801 4238 950 4294 Num
984 4240 1292 4309 sculptores
1332 4258 1432 4296 suo
1465 4240 1652 4295 Marte
1688 4240 1954 4310 diptycha
1991 4239 2333 4309 effinxerint,
2371 4240 2525 4295 cuius
2564 4239 2823 4294 licentiae

531 4327 740 4382 similia
775 4329 1028 4397 exempla
1064 4329 1221 4384 facili
1271 4330 1499 4400 negotio
1533 4330 1775 4399 proponi
1814 4330 2047 4398 possint,
2094 4348 2206 4384 non
2242 4330 2405 4383 huius
2453 4328 2565 4383 loci
2613 4333 2699 4383 est
2737 4345 2827 4383 ex-

533 4417 792 4489 pendere.
