3157 5028
1647 399 1757 460 34.

529 571 912 638 ratiocinans
965 589 1024 636 v.
1077 570 1231 635 701:
1305 563 1478 651 πρὸς
1531 563 1649 646 τὰς
1700 563 1893 648 τύχας
1950 563 2068 652 γὰρ
2121 564 2241 646 τὰς
2300 569 2540 656 φρένας
2607 563 2839 654 κεκτή-

531 675 714 754 μεθα
734 673 772 735 ¹.
879 668 1000 735 Sed
1066 670 1416 746 videamus,
1492 689 1652 753 quae
1716 671 2077 752 sequantur.
2196 670 2546 736 Phaedram
2618 689 2839 735 rursus

531 771 766 837 frustra
812 770 1151 835 transitum
1197 769 1276 834 ad
1325 771 1542 852 coepta
1590 770 1943 852 exequenda
1988 773 2383 852 quaerentem
2432 771 2839 854 interrumpit

531 873 700 938 filius
763 872 1025 936 matrem
1095 890 1229 936 eam
1303 871 1566 936 fortuito
1636 870 1957 953 appellans
2021 889 2079 934 v.
2128 871 2283 947 6083
2355 891 2479 954 qua
2524 871 2839 938 invidiosa

535 991 682 1038 voce
751 971 1070 1037 Phaedrae
1134 972 1440 1038 transitus
1513 972 1835 1054 aptissime
1905 973 2185 1053 paratur.
2322 972 2675 1038 Memineris
2739 991 2840 1037 eo·

531 1074 670 1139 dem
729 1073 995 1139 artificio
1041 1072 1399 1154 Euripidem
1477 1071 1542 1134 in
1608 1072 1855 1138 servata
1921 1072 2263 1156 Hippolyto
2332 1093 2391 1138 v.
2458 1075 2581 1139 310
2653 1093 2839 1138 usum

531 1195 680 1258 esse,
745 1175 982 1240 scilicet
1044 1175 1118 1237 ut
1179 1173 1388 1255 aliquo
1454 1173 1643 1238 verbo
1692 1173 1920 1238 temere
1975 1173 2377 1238 intericiendo
2420 1174 2699 1239 diverbia
2741 1175 2841 1240 in·

534 1276 704 1340 certe
773 1274 1147 1339 fluctuantia
1213 1273 1396 1338 sistat
1449 1273 1653 1355 iisque
1693 1273 1837 1338 inde
1880 1292 2131 1355 prorsus
2178 1275 2484 1340 diversam
2532 1276 2697 1341 viam
2743 1276 2840 1340 in-

533 1376 935 1460 grediendam
978 1375 1377 1458 praescribat.
1493 1374 1794 1440 Senecam
1861 1376 2072 1440 autem
2142 1374 2208 1438 iu
2276 1375 2393 1439 hac
2452 1376 2588 1458 ipsa
2638 1395 2704 1440 re
2756 1376 2839 1441 ad

537 1476 844 1541 Graecum
884 1476 1197 1558 exemplar
1240 1476 1520 1558 apprime
1561 1494 1626 1540 se
1672 1475 2077 1540 adstrinxisse
2120 1476 2245 1540 alio
2290 1478 2605 1558 praeterea
2649 1495 2841 1559 argu-

535 1579 744 1643 mento
788 1579 1001 1659 postea
1043 1575 1434 1660 proponendo
1474 1576 1935 1640 demonstrabO.
1980 1609 2059 1621 —
2105 1575 2351 1640 Mavult
2388 1576 2587 1658 igitur
2636 1577 2843 1642 Phae-

535 1678 649 1742 dra
694 1679 932 1743 famula
987 1679 1197 1744 vocari
1251 1697 1309 1743 v.
1355 1678 1478 1742 611
1535 1679 1727 1759 atque
1785 1677 1936 1742 adeo
1993 1677 2349 1759 privignum
2406 1678 2705 1755 obsecrat,
2766 1679 2844 1743 ut

534 1779 836 1845 mandata
889 1767 1130 1863 sceptra
1187 1781 1249 1844 et
1305 1796 1366 1844 se
1413 1779 1716 1844 famulam
1764 1778 2033 1859 accipiat
2075 1797 2133 1842 V.
2177 1779 2318 1842 618.
2400 1776 2647 1844 Similia
2693 1778 2843 1844 Ovi-

535 1881 722 1946 diana
767 1881 977 1963 puella
1019 1881 1217 1946 iactat
1260 1900 1319 1943 v.
1357 1881 1515 1945 164:
1557 1877 1821 1944 ‘serviat
1866 1879 2205 1961 Hippolyto
2244 1881 2417 1962 regia
2466 1881 2603 1946 tota
2648 1871 2841 1946 meo'.

538 1981 658 2046 Sed
729 1983 897 2046 casto
959 1982 1167 2046 iuveni
1235 2000 1413 2046 aures
1475 1981 1556 2045 ad
1621 1981 1927 2045 lenocinia
1990 1979 2204 2045 blandi
2268 1981 2528 2064 alloquii
2594 1982 2845 2047 clausae

537 2084 712 2162 sunt3
760 2082 1062 2164 praetexit
1110 2081 1404 2164 pietatem
1448 2101 1597 2165 erga
1627 2083 1944 2163 parentem
1978 2082 2245 2146 fortasse
2281 2083 2576 2164 sospitem
2607 2102 2662 2147 v.
2696 2083 2844 2147 624.

538 2184 672 2265 Quo
717 2183 920 2247 tendit
964 2182 1272 2248 Ovidiaua
1317 2183 1524 2264 puella
1575 2201 1635 2247 v.
1686 2183 1840 2257 127:
1900 2176 1958 2247 ‘i
2002 2201 2184 2264 nunc,
2228 2183 2318 2246 sic
2361 2183 2568 2247 meriti
2609 2182 2843 2248 lectum

535 2303 810 2350 reverere
845 2283 1118 2365 parentis
1140 2273 1178 2346 ³.
1265 2282 1549 2347 Phaedra
1603 2282 1812 2347 autem
1857 2282 2115 2346 subinde
2162 2302 2321 2347 nova
2372 2283 2731 2365 periclitans
2776 2285 2840 2348 in

535 2385 717 2449 initio
761 2384 962 2449 denuo
1009 2384 1301 2466 ambigue
1346 2383 1556 2448 locuta
1604 2401 1661 2445 v.
1708 2384 1832 2448 636
1874 2401 1986 2466 sq„
2052 2382 2177 2447 iam
2224 2384 2377 2447 satis
2421 2383 2609 2465 plana
2654 2385 2849 2450 verba

537 2485 612 2550 de
665 2503 875 2551 amore
940 2484 1150 2566 aliquo
1212 2485 1278 2549 in
1344 2485 1589 2567 pectore
1650 2483 1961 2549 saeviente
2031 2483 2277 2567 proicit,
2346 2502 2536 2567 quam
2602 2484 2845 2551 confes-

535 2587 768 2651 sionem
821 2586 1200 2669 Hippolytus
1246 2604 1314 2649 eo
1359 2585 1660 2660 sublevat,
1709 2586 1779 2648 ut
1820 2602 2149 2649 novercam
2178 2584 2541 2667 interroget,
2588 2585 2843 2651 furatue

538 2687 756 2752 Thesei
822 2706 1030 2751 amore
1091 2705 1148 2751 V.
1197 2688 1338 2765 645,
1406 2688 1524 2751 hac
1580 2686 1824 2750 ratione
1865 2685 1994 2767 ipse
2038 2685 2205 2751 viam
2250 2686 2649 2767 patefacienS,
2713 2705 2843 2769 qua

536 2786 821 2853 Phaedra
865 2788 1014 2872 filio,
1062 2788 1134 2851 ut
1175 2789 1242 2852 in
1287 2805 1407 2869 quo
1451 2787 1651 2869 patris
1690 2786 2030 2868 imaginem
2073 2788 2492 2869 recognoscat,
2562 2805 2843 2851 amorem

536 2888 672 2951 tute
731 2888 1048 2953 declarare
1110 2888 1322 2970 possit.
1390 2923 1469 2933 —
1536 2886 1733 2950 Poeta
1796 2885 1995 2968 igitur
2058 2886 2243 2950 alteri
2308 2906 2601 2969 personae
2659 2888 2842 2969 quasi

537 3007 764 3053 munus
817 2989 1064 3071 delegat
1113 2988 1181 3051 in
1233 2988 1495 3054 molesta
1550 2987 1815 3052 materia
1880 3003 2230 3051 sermonum
2297 2987 2389 3051 fili
2456 2986 2843 3063 deducendi;

537 3088 701 3171 quod
757 3089 1087 3153 Racinium
1142 3089 1463 3153 imitatum
1532 3106 1659 3153 esse
1717 3088 2014 3152 adnotare
2072 3088 2267 3153 iuvat.
2377 3088 2463 3151 At
2516 3087 2844 3170 Euripides

537 3206 738 3253 nonne
799 3189 1055 3253 eandem
1120 3190 1423 3254 rationem
1482 3189 1605 3254 init
1672 3190 1935 3254 alteram
1982 3187 2329 3252 Phaedram
2394 3187 2574 3253 anxio
2640 3187 2841 3253 affatu

535 3288 915 3352 nutriculam
961 3288 1336 3353 ambientem
1379 3288 1617 3371 fingens
1664 3308 1720 3353 v.
1768 3289 1918 3352 345:
1983 3289 2131 3364 πῶς
2184 3280 2261 3350 ὃν
2304 3281 2387 3351 σύ
2432 3310 2549 3370 μοι
2592 3286 2843 3369 λέξειας

536 3379 663 3469 ἁμὲ
703 3383 822 3470 χρὴ
867 3385 1110 3470 agyam
1177 3388 1284 3470 qui
1357 3407 1566 3453 versus
1634 3406 1822 3471 quam
1881 3389 2117 3454 celeber
2180 3388 2387 3465 fuerit,
2462 3407 2583 3453 non
2636 3389 2839 3453 solum

537 3488 976 3570 Aristophanis
1008 3489 1267 3570 parodia
1292 3489 1526 3571 (Equit.
1556 3490 1661 3564 16)
1693 3489 1990 3566 declarat,
2023 3488 2128 3553 sed
2160 3490 2368 3566 etiam,
2401 3490 2472 3553 ut
2502 3488 2841 3555 Buecheler

538 3607 637 3652 me
680 3588 943 3667 monuit,
992 3588 1328 3654 Menander
1372 3607 1703 3654 conversus
1746 3610 1783 3655 a
1824 3590 2055 3654 Plauto
2102 3590 2323 3654 Bacch.
2369 3591 2491 3654 35:
2548 3581 2565 3608 ‘
2592 3589 2740 3673 quid
2786 3591 2841 3655 si

538 3688 653 3754 hoc
697 3689 863 3771 potis
909 3690 1002 3753 est
1044 3691 1116 3754 ut
1159 3691 1229 3756 tu
1268 3692 1498 3767 taceae,
1543 3710 1659 3773 ego
1696 3690 1962 3773 loquar?
1996 3739 2205 3755 .....
2237 3691 2488 3772 lepide'.
2576 3690 2841 3757 Senecae

537 3790 748 3854 autem
791 3790 858 3853 in
901 3790 1023 3855 ista
1067 3809 1288 3856 scaena
1331 3810 1397 3855 re
1435 3810 1582 3857 vera
1628 3790 1933 3857 Graecum
1987 3792 2298 3874 exemplar
2352 3792 2551 3857 facem
2594 3791 2841 3875 praetu-

743 4058 764 4089 ¹
804 4056 885 4111 Cf.
923 4061 1067 4129 trag.
1103 4058 1212 4129 frg.
1251 4058 1437 4128 adesp.
1484 4060 1564 4111 16.
1602 4076 1655 4112 v.
1694 4059 1752 4111 2:

1009 4140 1175 4200 οὐδὲν
1208 4138 1275 4213 ἦν
1312 4139 1487 4219 πάντῃ
1525 4144 1695 4199 καλὸν

1012 4228 1128 4286 οὐδ’
1166 4227 1418 4304 αἰσχρόν,
1455 4229 1591 4285 ἀλλὰ
1629 4227 1772 4287 ταῦτ’
1813 4233 2075 4299 ἐποίησεν
2110 4235 2214 4301 λαβ
2237 4231 2293 4289 *v

1009 4319 1040 4375 ὁ
1079 4320 1262 4392 καιρὸς
1296 4319 1502 4392 αἰσχρὰ
1534 4326 1627 4374 καὶ
1664 4317 1946 4381 διαλλάξας
1981 4316 2135 4375 καλά,

539 4406 707 4463 οὐδὲν
742 4403 814 4464 ἄν
849 4410 1050 4481 vulgo;
1083 4404 1253 4464 οὐδὲν
1287 4401 1356 4476 ἦν
1391 4410 1605 4465 Nauck.
2209 4407 2215 4413 ’
